
@PREAMBLE{"\def\cprime{$'$} "
# 
   "\def\cfgrv#1{\ifmmode\setbox7\hbox{$\accent"5E#1$}\else
    \setbox7\hbox{\accent"5E#1}\penalty 10000\relax\fi\raise 1\ht7
    \hbox{\lower1.05ex\hbox to 1\wd7{\hss\accent"12\hss}}\penalty 10000
    \hskip-1\wd7\penalty 10000\box7} "
}

@misc{BirsConf,
  author = {Ng, Siu-Hung and Nikshych, Dmitri and Rowell,Eric and Wang, Zhenghan},
  title = {Modular Categories–Their Representations, Classification, And Applications (16W5049)},
  howpublished  = "\url{http://www.birs.ca/cmo-workshops/2016/16w5049/report16w5049.pdf}",
  urldate = {2016-08-19}}


@Book{Abe:HA,
	AUTHOR = "Eiichi Abe",
	TITLE = "Hopf algebras",
	SERIES = "Cambridge Tracts in Mathematics",
	VOLUME = "74",
	NOTE = "Translated from the Japanese by Hisae Kinoshita and Hiroko Tanaka",
	PUBLISHER = "Cambridge University Press",
	ADDRESS = "Cambridge",
	YEAR = "1980",
	PAGES = "xii+284",
	ISBN = "0-521-22240-0",
	MRCLASS = "16A24 (14L17)",
	MRNUMBER = "MR594432 (83a:16010)"
}

@Book{AdaLou:IGB,
	AUTHOR = "William W. Adams and Philippe Loustaunau",
	TITLE = "An introduction to {G}r{\"o}bner bases",
	SERIES = "Graduate Studies in Mathematics",
	VOLUME = "3",
	PUBLISHER = "American Mathematical Society",
	ADDRESS = "Providence, RI",
	YEAR = "1994",
	PAGES = "xiv+289",
	ISBN = "0-8218-3804-0",
	MRCLASS = "13P10 (13-01 68Q40)",
	MRNUMBER = "MR1287608 (95g:13025)",
	MRREVIEWER = "Joachim Apel"
}

@Book{Aig,
	author = "Martin Aigner",
	title = "Kombinatorik {I.} Grundlagen und Z{\"a}hltheorie",
	publisher = "Springer",
	address = "Berlin, Heidelberg, New York",
	year = "1975"
}

@Article{AkrMaj:BCCNAG,
	AUTHOR = "S. E. Akrami and S. Majid",
	TITLE = "Braided cyclic cocycles and nonassociative geometry",
	JOURNAL = "J. Math. Phys.",
	FJOURNAL = "Journal of Mathematical Physics",
	VOLUME = "45",
	YEAR = "2004",
	NUMBER = "10",
	PAGES = "3883--3911",
	ISSN = "0022-2488",
	CODEN = "JMAPAQ",
	MRCLASS = "58B32 (16W30 19D55)",
	MRNUMBER = "MR2095678 (2005g:58015)",
	MRREVIEWER = "Shuan Hong Wang"
}

@Article{AndDev:EHA,
	AUTHOR = "N. Andruskiewitsch and J. Devoto",
	TITLE = "Extensions of {H}opf algebras",
	JOURNAL = "Algebra i Analiz",
	FJOURNAL = "Rossi\u\i skaya Akademiya Nauk. Algebra i Analiz",
	VOLUME = "7",
	YEAR = "1995",
	NUMBER = "1",
	PAGES = "22--61",
	ISSN = "0234-0852",
	MRCLASS = "16W30",
	MRNUMBER = "MR1334152 (96f:16044)",
	MRREVIEWER = "E. J. Taft"
}

@Article{AndDev:EHAeng,
	author = "Nicolas Andruskiewitsch and J. Devoto",
	title = "Extensions of {H}opf algebras",
	journal = "St.~Petersburg Math. J.",
	volume = 7,
	year = 1996,
	pages = "17--52"
}

@Article{AndNat:BHAAMPG,
	AUTHOR = "Nicol{\'a}s Andruskiewitsch and Sonia Natale",
	TITLE = "Braided {H}opf algebras arising from matched pairs of groups",
	JOURNAL = "J. Pure Appl. Algebra",
	FJOURNAL = "Journal of Pure and Applied Algebra",
	VOLUME = "182",
	YEAR = "2003",
	NUMBER = "2-3",
	PAGES = "119--149",
	ISSN = "0022-4049",
	CODEN = "JPAAA2",
	MRCLASS = "16W30 (16S40)",
	MRNUMBER = "MR1903050 (2004d:16064)",
	MRREVIEWER = "Andrei Marcus"
}

@Article{AndNat:CAHALD,
	AUTHOR = "Nicol{\'a}s Andruskiewitsch and Sonia Natale",
	TITLE = "Counting arguments for {H}opf algebras of low dimension",
	JOURNAL = "Tsukuba J. Math.",
	FJOURNAL = "Tsukuba Journal of Mathematics",
	VOLUME = "25",
	YEAR = "2001",
	NUMBER = "1",
	PAGES = "187--201",
	ISSN = "0387-4982",
	MRCLASS = "16W30",
	MRNUMBER = "MR1846876 (2002d:16046)",
	MRREVIEWER = "V. A. Artamonov"
}

@Article{AndNat:DCQG,
	AUTHOR = "Nicol{\'a}s Andruskiewitsch and Sonia Natale",
	TITLE = "Double categories and quantum groupoids",
	JOURNAL = "Publ. Mat. Urug.",
	FJOURNAL = "Publicaciones Matem{\'a}ticas del Uruguay",
	VOLUME = "10",
	YEAR = "2005",
	PAGES = "11--51",
	ISSN = "0797-1443",
	MRCLASS = "16W30 (18Exx)",
	MRNUMBER = "MR2147687"
}

@Article{AndNat:ESDHA,
	AUTHOR = "Nicol{\'a}s Andruskiewitsch and Sonia Natale",
	TITLE = "Examples of self-dual {H}opf algebras",
	JOURNAL = "J. Math. Sci. Univ. Tokyo",
	FJOURNAL = "The University of Tokyo. Journal of Mathematical Sciences",
	VOLUME = "6",
	YEAR = "1999",
	NUMBER = "1",
	PAGES = "181--215",
	ISSN = "1340-5705",
	MRCLASS = "16W30",
	MRNUMBER = "MR1683313 (2000a:16067)",
	MRREVIEWER = "Sara Westreich"
}

@Article{AndNat:HASHA,
	AUTHOR = "N. Andruskiewitsch and S. Natale",
	TITLE = "Harmonic analysis on semisimple {H}opf algebras",
	JOURNAL = "Algebra i Analiz",
	FJOURNAL = "Rossi\u\i skaya Akademiya Nauk. Algebra i Analiz",
	VOLUME = "12",
	YEAR = "2000",
	NUMBER = "5",
	PAGES = "3--27",
	ISSN = "0234-0852",
	MRCLASS = "16W30",
	MRNUMBER = "MR1812940 (2001j:16049)",
	MRREVIEWER = "Akira Masuoka"
}

@Article{AndNat:PISHA,
	AUTHOR = "Nicol{\'a}s Andruskiewitsch and Sonia Natale",
	TITLE = "Plancherel identity for semisimple {H}opf algebras",
	JOURNAL = "Comm. Algebra",
	FJOURNAL = "Communications in Algebra",
	VOLUME = "25",
	YEAR = "1997",
	NUMBER = "10",
	PAGES = "3239--3254",
	ISSN = "0092-7872",
	CODEN = "COALDM",
	MRCLASS = "16W30",
	MRNUMBER = "MR1465113 (99a:16029)",
	MRREVIEWER = "Horia Pop"
}

@InCollection{AndSch:LNATA2PHAOP4,
	AUTHOR = "Nicol{\'a}s Andruskiewitsch and Hans-J{\"u}rgen Schneider",
	TITLE = "Lifting of {N}ichols algebras of type {$A\sb 2$} and pointed {H}opf algebras of order {$p\sp 4$}",
	BOOKTITLE = "Hopf algebras and quantum groups (Brussels, 1998)",
	SERIES = "Lecture Notes in Pure and Appl. Math.",
	VOLUME = "209",
	PAGES = "1--14",
	PUBLISHER = "Dekker",
	ADDRESS = "New York",
	YEAR = "2000",
	MRCLASS = "16W30",
	MRNUMBER = "2001f:16069",
	MRREVIEWER = "Sonia Natale"
}

@Article{AndSch:LQLSPHAOP3,
	AUTHOR = "N. Andruskiewitsch and H.-J. Schneider",
	TITLE = "Lifting of quantum linear spaces and pointed {H}opf algebras of order {$p\sp 3$}",
	JOURNAL = "J. Algebra",
	FJOURNAL = "Journal of Algebra",
	VOLUME = "209",
	YEAR = "1998",
	NUMBER = "2",
	PAGES = "658--691",
	ISSN = "0021-8693",
	CODEN = "JALGA4",
	MRCLASS = "16W30",
	MRNUMBER = "99k:16075",
	MRREVIEWER = "Stefaan Caenepeel"
}

@book{AusReiSma:RTAA,
	AUTHOR = {Auslander, Maurice and Reiten, Idun and Smalø, Sverre O.},
	TITLE = {Representation theory of {A}rtin algebras},
	SERIES = {Cambridge Studies in Advanced Mathematics},
	VOLUME = {36},
	PUBLISHER = {Cambridge University Press},
	ADDRESS = {Cambridge},
	YEAR = {1995},
	PAGES = {xiv+423},
	ISBN = {0-521-41134-3},
	MRCLASS = {16G10 (16-02 16E30 16G70)},
	MRNUMBER = {1314422 (96c:16015)},
	MRREVIEWER = {Andrzej Skowro{\'n}ski},
	DOI = {10.1017/CBO9780511623608},
	URL = {http://dx.doi.org/10.1017/CBO9780511623608}
}

@Article{BaaSka:UMDPPCCA,
	AUTHOR = "Saad Baaj and Georges Skandalis",
	TITLE = "Unitaires multiplicatifs et dualit{\'e} pour les produits crois{\'e}s de {$C\sp *$}-alg{\`e}bres",
	JOURNAL = "Ann. Sci. {\'E}cole Norm. Sup. (4)",
	FJOURNAL = "Annales Scientifiques de l'{\'E}cole Normale Sup{\'e}rieure. Quatri{\`e}me S{\'e}rie",
	VOLUME = "26",
	YEAR = "1993",
	NUMBER = "4",
	PAGES = "425--488",
	ISSN = "0012-9593",
	CODEN = "ASENAH",
	MRCLASS = "46L89 (22D25 46L05 81R50)",
	MRNUMBER = "94e:46127",
	MRREVIEWER = "Palle E. T. Jorgensen"
}

@Article{Bae:ES,
	author = "R. Baer",
	title = "Zur {E}inf{\"u}hrung des {S}charbegriffs",
	journal = "J. Reine Angew. Math.",
	volume = 160,
	year = 1929,
	pages = "199--207"
}

@Book{BakKir:LTCMF,
	AUTHOR = "Bojko Bakalov and Jr. Alexander Kirillov",
	TITLE = "Lectures on tensor categories and modular functors",
	SERIES = "University Lecture Series",
	VOLUME = "21",
	PUBLISHER = "American Mathematical Society",
	ADDRESS = "Providence, RI",
	YEAR = "2001",
	PAGES = "x+221",
	ISBN = "0-8218-2686-7",
	MRCLASS = "18D10 (17B37 57M27 57R56 81R50 81T40 81T45)",
	MRNUMBER = "MR1797619 (2002d:18003)",
	MRREVIEWER = "J. Stasheff"
}

@Article{Bantay:FSICFT,
	AUTHOR = "Peter Bantay",
	TITLE = "The {F}robenius-{S}chur indicator in conformal field theory",
	JOURNAL = "Phys. Lett. B",
	FJOURNAL = "Physics Letters. B",
	VOLUME = "394",
	YEAR = "1997",
	NUMBER = "1-2",
	PAGES = "87--88",
	ISSN = "0370-2693",
	CODEN = "PYLBAJ",
	MRCLASS = "81T40",
	MRNUMBER = "MR1436801 (98c:81195)",
	MRREVIEWER = "Jens B{\"o}ckenhauer"
}

@Article{Ban:RRRMQ,
	author = "Teodor Banica",
	title = "A reconstruction result for the {$R$}-matrix quantizations of {${\mathrm SU}(N)$}",
	journal = "preprint",
	year = "math.QA/9806063"
}

@Article{BarWes:E3MI,
	AUTHOR = "John W. Barrett and Bruce W. Westbury",
	TITLE = "The equality of {$3$}-manifold invariants",
	JOURNAL = "Math. Proc. Cambridge Philos. Soc.",
	FJOURNAL = "Mathematical Proceedings of the Cambridge Philosophical Society",
	VOLUME = "118",
	YEAR = "1995",
	NUMBER = "3",
	PAGES = "503--510",
	ISSN = "0305-0041",
	CODEN = "MPCPCO",
	MRCLASS = "57N10 (16W30 57M50)",
	MRNUMBER = "MR1342967 (96k:57012)",
	MRREVIEWER = "Mark Brittenham"
}

@Article{BarWes:IPL3M,
	AUTHOR = "John W. Barrett and Bruce W. Westbury",
	TITLE = "Invariants of piecewise-linear {$3$}-manifolds",
	JOURNAL = "Trans. Amer. Math. Soc.",
	FJOURNAL = "Transactions of the American Mathematical Society",
	VOLUME = "348",
	YEAR = "1996",
	NUMBER = "10",
	PAGES = "3997--4022",
	ISSN = "0002-9947",
	CODEN = "TAMTAM",
	MRCLASS = "57N10 (16W30 57Q99)",
	MRNUMBER = "MR1357878 (97f:57017)",
	MRREVIEWER = "Sergej V. Matveev"
}

@Article{BarWes:SC,
	AUTHOR = "John W. Barrett and Bruce W. Westbury",
	TITLE = "Spherical categories",
	JOURNAL = "Adv. Math.",
	FJOURNAL = "Advances in Mathematics",
	VOLUME = "143",
	YEAR = "1999",
	NUMBER = "2",
	PAGES = "357--375",
	ISSN = "0001-8708",
	CODEN = "ADMTA4",
	MRCLASS = "18D10 (16W30)",
	MRNUMBER = "MR1686423 (2000c:18007)",
	MRREVIEWER = "Sorin D\u{a}sc\u{a}lescu"
}

@Article{Bea:SIACDT,
	AUTHOR = "Margaret Beattie",
	TITLE = "Strongly inner actions, coactions, and duality theorems",
	JOURNAL = "Tsukuba J. Math.",
	FJOURNAL = "Tsukuba Journal of Mathematics",
	VOLUME = "16",
	YEAR = "1992",
	NUMBER = "2",
	PAGES = "279--293",
	ISSN = "0387-4982",
	MRCLASS = "16W30",
	MRNUMBER = "MR1200427 (94g:16045)",
	MRREVIEWER = "Richard K. Molnar"
}

@Article{BeaCheZha:THCA,
	AUTHOR = "M. Beattie and C.-Y. Chen and J. J. Zhang",
	TITLE = "Twisted {H}opf comodule algebras",
	JOURNAL = "Comm. Algebra",
	FJOURNAL = "Communications in Algebra",
	VOLUME = "24",
	YEAR = "1996",
	NUMBER = "5",
	PAGES = "1759--1775",
	ISSN = "0092-7872",
	CODEN = "COALDM",
	MRCLASS = "16W30",
	MRNUMBER = "97f:16060",
	MRREVIEWER = "Stefaan Caenepeel"
}

@Article{BeaDasGru:NTFDHA,
	AUTHOR = "M. Beattie and S. D\u{a}sc\u{a}lescu and L. Gr{\"u}nenfelder",
	TITLE = "On the number of types of finite-dimensional {H}opf algebras",
	JOURNAL = "Invent. Math.",
	FJOURNAL = "Inventiones Mathematicae",
	VOLUME = "136",
	YEAR = "1999",
	NUMBER = "1",
	PAGES = "1--7",
	ISSN = "0020-9910",
	CODEN = "INVMBH",
	MRCLASS = "16W30",
	MRNUMBER = "2000a:16068",
	MRREVIEWER = "Akira Masuoka"
}

@Article{BeaDasRaiOys:CYDMDHMTTHM,
	AUTHOR = "M. Beattie and S. D\u{a}sc\u{a}lescu and \c{S}. Raianu and F. {Van Oystaeyen}",
	TITLE = "The categories of {Y}etter-{D}rinfel\cprime d modules, {D}oi-{H}opf modules and two-sided two-cosided {H}opf modules",
	JOURNAL = "Appl. Categ. Structures",
	FJOURNAL = "Applied Categorical Structures. A Journal Devoted to Applications of Categorical Methods in Algebra, Analysis, Order, Topology and Computer Science",
	VOLUME = "6",
	YEAR = "1998",
	NUMBER = "2",
	PAGES = "223--237",
	ISSN = "0927-2852",
	CODEN = "ACASE6",
	MRCLASS = "16W30",
	MRNUMBER = "MR1629389 (99h:16054)",
	MRREVIEWER = "Stefaan Caenepeel"
}

@Article{BeaTor:THGE,
	AUTHOR = "Margaret Beattie and Blas Torrecillas",
	TITLE = "Twistings and {H}opf {G}alois extensions",
	JOURNAL = "J. Algebra",
	FJOURNAL = "Journal of Algebra",
	VOLUME = "232",
	YEAR = "2000",
	NUMBER = "2",
	PAGES = "673--696",
	ISSN = "0021-8693",
	CODEN = "JALGA4",
	MRCLASS = "16W30",
	MRNUMBER = "2001i:16062",
	MRREVIEWER = "Akira Masuoka"
}

@Book{BecWei:GB,
	AUTHOR = "Thomas Becker and Volker Weispfenning",
	TITLE = "Gr{\"o}bner bases",
	SERIES = "Graduate Texts in Mathematics",
	VOLUME = "141",
	NOTE = "A computational approach to commutative algebra, In cooperation with Heinz Kredel",
	PUBLISHER = "Springer-Verlag",
	ADDRESS = "New York",
	YEAR = "1993",
	PAGES = "xxii+574",
	ISBN = "0-387-97971-9",
	MRCLASS = "13P10 (13-01)",
	MRNUMBER = "MR1213453 (95e:13018)",
	MRREVIEWER = "J{\"o}rgen Backelin"
}

@Article{BegGouMaj:FGFB,
	AUTHOR = "E. J. Beggs and J. D. Gould and S. Majid",
	TITLE = "Finite group factorizations and braiding",
	JOURNAL = "J. Algebra",
	FJOURNAL = "Journal of Algebra",
	VOLUME = "181",
	YEAR = "1996",
	NUMBER = "1",
	PAGES = "112--151",
	ISSN = "0021-8693",
	CODEN = "JALGA4",
	MRCLASS = "16W30 (18D10)",
	MRNUMBER = "97b:16034",
	MRREVIEWER = "Yu. N. Bespalov"
}

@Article{BenRou:MD,
	AUTHOR = "Jean B{\'e}nabou and Jacques Roubaud",
	TITLE = "Monades et descente",
	JOURNAL = "C. R. Acad. Sci. Paris S{\'e}r. A-B",
	VOLUME = "270",
	YEAR = "1970",
	PAGES = "A96--A98",
	MRCLASS = "18.10",
	MRNUMBER = "MR0255631 (41 \#291)",
	MRREVIEWER = "R. Hoobler"
}

@Article{Ber:DLRT,
	AUTHOR = "George M. Bergman",
	TITLE = "The diamond lemma for ring theory",
	JOURNAL = "Adv. in Math.",
	FJOURNAL = "Advances in Mathematics",
	VOLUME = "29",
	YEAR = "1978",
	NUMBER = "2",
	PAGES = "178--218",
	ISSN = "0001-8708",
	CODEN = "ADMTA4",
	MRCLASS = "16-02",
	MRNUMBER = "MR506890 (81b:16001)",
	MRREVIEWER = "P. M. Cohn"
}

@Article{Bes:CMQGBC,
	AUTHOR = "Yu. N. Bespalov",
	TITLE = "Crossed modules and quantum groups in braided categories",
	JOURNAL = "Appl. Categ. Structures",
	FJOURNAL = "Applied Categorical Structures. A Journal Devoted to Applications of Categorical Methods in Algebra, Analysis, Order, Topology and Computer Science",
	VOLUME = "5",
	YEAR = "1997",
	NUMBER = "2",
	PAGES = "155--204",
	ISSN = "0927-2852",
	CODEN = "ACASE6",
	MRCLASS = "18D10 (16W30 81R50)",
	MRNUMBER = "MR1456522 (98k:18005)",
	MRREVIEWER = "Pilar C. Carrasco"
}

@Article{BesDra:CPBI,
	AUTHOR = "Yuri Bespalov and Bernhard Drabant",
	TITLE = "Cross product bialgebras. {I}",
	JOURNAL = "J. Algebra",
	FJOURNAL = "Journal of Algebra",
	VOLUME = "219",
	YEAR = "1999",
	NUMBER = "2",
	PAGES = "466--505",
	ISSN = "0021-8693",
	CODEN = "JALGA4",
	MRCLASS = "16W30 (18D10)",
	MRNUMBER = "MR1706813 (2000f:16042)",
	MRREVIEWER = "Mitsuhiro Takeuchi"
}

@Article{BesDra:CPBII,
	AUTHOR = "Yuri Bespalov and Bernhard Drabant",
	TITLE = "Cross product bialgebras. {II}",
	JOURNAL = "J. Algebra",
	FJOURNAL = "Journal of Algebra",
	VOLUME = "240",
	YEAR = "2001",
	NUMBER = "2",
	PAGES = "445--504",
	ISSN = "0021-8693",
	CODEN = "JALGA4",
	MRCLASS = "16W30",
	MRNUMBER = "MR1841344 (2002e:16053)",
	MRREVIEWER = "Mitsuhiro Takeuchi"
}

@Article{BesDra:HBMCMBC,
	AUTHOR = "Yuri Bespalov and Bernhard Drabant",
	TITLE = "Hopf (bi-)modules and crossed modules in braided monoidal categories",
	JOURNAL = "J. Pure Appl. Algebra",
	FJOURNAL = "Journal of Pure and Applied Algebra",
	VOLUME = "123",
	YEAR = "1998",
	NUMBER = "1-3",
	PAGES = "105--129",
	ISSN = "0022-4049",
	CODEN = "JPAAA2",
	MRCLASS = "18D10 (16W30)",
	MRNUMBER = "MR1492897 (99f:18012)",
	MRREVIEWER = "Bodo Pareigis"
}

@Article{Bic:HGS,
	AUTHOR = "Julien Bichon",
	TITLE = "Hopf-{G}alois systems",
	JOURNAL = "J. Algebra",
	FJOURNAL = "Journal of Algebra",
	VOLUME = "264",
	YEAR = "2003",
	NUMBER = "2",
	PAGES = "565--581",
	ISSN = "0021-8693",
	CODEN = "JALGA4",
	MRCLASS = "16W30",
	MRNUMBER = "MR1981422 (2004c:16060)",
	MRREVIEWER = "George Szeto"
}

@Article{Bic:RCQGNDBF,
	AUTHOR = "Julien Bichon",
	TITLE = "The representation category of the quantum group of a non-degenerate bilinear form",
	JOURNAL = "Comm. Algebra",
	FJOURNAL = "Communications in Algebra",
	VOLUME = "31",
	YEAR = "2003",
	NUMBER = "10",
	PAGES = "4831--4851",
	ISSN = "0092-7872",
	CODEN = "COALDM",
	MRCLASS = "20G42 (16W30 16W35)",
	MRNUMBER = "MR1998031 (2004g:20068)",
	MRREVIEWER = "Mitsuhiro Takeuchi"
}

@Article{BicCar:LCASMAHA,
	AUTHOR = "Julien Bichon and Giovanna Carnovale",
	TITLE = "{Lazy cohomology: an analogue of the {S}chur multiplier for arbitrary {H}opf algebras}",
	JOURNAL = "J. Pure Appl. Algebra",
	FJOURNAL = "Journal of Pure and Applied Algebra",
	VOLUME = "204",
	YEAR = "2006",
	NUMBER = "3",
	PAGES = "627--665",
	ISSN = "0022-4049",
	CODEN = "JPAAA2",
	MRCLASS = "16W30 (20J06)",
	MRNUMBER = "MR2185622"
}

@Book{Bir:BLMCG,
	AUTHOR = "Joan S. Birman",
	TITLE = "Braids, links, and mapping class groups",
	NOTE = "Annals of Mathematics Studies, No. 82",
	PUBLISHER = "Princeton University Press",
	ADDRESS = "Princeton, N.J.",
	YEAR = "1974",
	PAGES = "ix+228",
	MRCLASS = "55A25",
	MRNUMBER = "MR0375281 (51 \#11477)",
	MRREVIEWER = "Wilbur Whitten"
}

@Book{BisCri,
	AUTHOR = "Richard L. Bishop and Richard J. Crittenden",
	TITLE = "Geometry of manifolds",
	SERIES = "Pure and Applied Mathematics, Vol. XV",
	PUBLISHER = "Academic Press",
	ADDRESS = "New York",
	YEAR = "1964",
	PAGES = "ix+273",
	MRCLASS = "53.00",
	MRNUMBER = "MR0169148 (29 \#6401)",
	MRREVIEWER = "W. Klingenberg"
}

@Article{BlaCohMon:CPIAHA,
	AUTHOR = "Robert J. Blattner and Miriam Cohen and Susan Montgomery",
	TITLE = "Crossed products and inner actions of {H}opf algebras",
	JOURNAL = "Trans. Amer. Math. Soc.",
	FJOURNAL = "Transactions of the American Mathematical Society",
	VOLUME = "298",
	YEAR = "1986",
	NUMBER = "2",
	PAGES = "671--711",
	ISSN = "0002-9947",
	CODEN = "TAMTAM",
	MRCLASS = "16A24 (16A03 16A72 46L40)",
	MRNUMBER = "MR860387 (87k:16012)",
	MRREVIEWER = "Donald S. Passman"
}

@Article{BlaMon:CPGEHA,
	AUTHOR = "Robert J. Blattner and Susan Montgomery",
	TITLE = "Crossed products and {G}alois extensions of {H}opf algebras",
	JOURNAL = "Pacific J. Math.",
	FJOURNAL = "Pacific Journal of Mathematics",
	VOLUME = "137",
	YEAR = "1989",
	NUMBER = "1",
	PAGES = "37--54",
	ISSN = "0030-8730",
	CODEN = "PJMAAI",
	MRCLASS = "16A24",
	MRNUMBER = "MR983327 (90a:16007)",
	MRREVIEWER = "E. J. Taft"
}

@Book{Ble,
	AUTHOR = "David Bleecker",
	TITLE = "Gauge Theory and Variational Principles",
	YEAR = "1981",
	PUBLISHER = "Addison-Wesley",
	ADDRESS = "London, etc."
}

@incollection{Boh:HA,
	AUTHOR = {B{\"o}hm, Gabriella},
	TITLE = {Hopf algebroids},
	BOOKTITLE = {Handbook of algebra. {V}ol. 6},
	SERIES = {Handb. Algebr.},
	VOLUME = {6},
	PAGES = {173--235},
	PUBLISHER = {Elsevier/North-Holland, Amsterdam},
	YEAR = {2009},
	MRCLASS = {16T05 (16T10)},
	MRNUMBER = {2553659 (2011e:16068)},
	MRREVIEWER = {Stefaan Caenepeel},
	DOI = {10.1016/S1570-7954(08)00205-2},
	URL = {http://dx.doi.org/10.1016/S1570-7954(08)00205-2}
}

@Article{BohNilSzl:WHAIITCS,
	AUTHOR = "Gabriella B{\"o}hm and Florian Nill and Korn{\'e}l Szlach{\'a}nyi",
	TITLE = "Weak {H}opf algebras. {I}. {I}ntegral theory and {$C\sp *$}-structure",
	JOURNAL = "J. Algebra",
	FJOURNAL = "Journal of Algebra",
	VOLUME = "221",
	YEAR = "1999",
	NUMBER = "2",
	PAGES = "385--438",
	ISSN = "0021-8693",
	CODEN = "JALGA4",
	MRCLASS = "16W30 (46L60)",
	MRNUMBER = "MR1726707 (2001a:16059)",
	MRREVIEWER = "Byung-Jay Kahng"
}

@Article{BohSzl:CCQGND,
	AUTHOR = "Gabriella B{\`o}hm and Korn{\'i}l Szlach{\'a}nyi",
	TITLE = "A coassociative {$C\sp *$}-quantum group with nonintegral dimensions",
	JOURNAL = "Lett. Math. Phys.",
	FJOURNAL = "Letters in Mathematical Physics. A Journal for the Rapid Dissemination of Short Contributions in the Field of Mathematical Physics",
	VOLUME = "38",
	YEAR = "1996",
	NUMBER = "4",
	PAGES = "437--456",
	ISSN = "0377-9017",
	CODEN = "LMPHDY",
	MRCLASS = "46L89 (16W30 17B37 46L60 81R50 81T05)",
	MRNUMBER = "MR1421688 (97k:46080)",
	MRREVIEWER = "Albert Jeu-Liang Sheu"
}

@Article{BohSzl:WHAIIRTDMT,
	AUTHOR = "Gabriella B{\"o}hm and Korn{\'e}l Szlach{\'a}nyi",
	TITLE = "Weak {H}opf algebras. {I}{I}. {R}epresentation theory, dimensions, and the {M}arkov trace",
	JOURNAL = "J. Algebra",
	FJOURNAL = "Journal of Algebra",
	VOLUME = "233",
	YEAR = "2000",
	NUMBER = "1",
	PAGES = "156--212",
	ISSN = "0021-8693",
	CODEN = "JALGA4",
	MRCLASS = "16W30",
	MRNUMBER = "2001m:16059",
	MRREVIEWER = "Byung-Jay Kahng"
}

@Book{Bou:A,
	AUTHOR = "N.~Bourbaki",
	TITLE = "Alg{\`e}bre",
	PUBLISHER = "Hermann",
	ADDRESS = "Paris",
	YEAR = 1970
}

@Book{Bou:AC,
	AUTHOR = "N.~Bourbaki",
	TITLE = "Alg{\`e}bre commutative",
	PUBLISHER = "Hermann",
	ADDRESS = "Paris",
	YEAR = 1970
}

@misc{ CTblLib1.2.1,
  author =       {Breuer, T.},
  title =        {The \textsf{GAP} {C}haracter {T}able {L}ibrary,
                  {V}ersion 1.2.1},
  month =        {May},
  year =         {2012},
  note =         {\textsf{GAP} package},
  howpublished = {http://www.math.rwth-aachen.de/\~{}Thomas.Breuer/ctbllib}
}


@Article{Bru:DTPQGQ,
	AUTHOR = "Alain Brugui{\`e}res",
	TITLE = "Dualit{\'e} tannakienne pour les quasi-groupo{\"\i} des quantiques",
	JOURNAL = "Comm. Algebra",
	FJOURNAL = "Communications in Algebra",
	VOLUME = "25",
	YEAR = "1997",
	NUMBER = "3",
	PAGES = "737--767",
	ISSN = "0092-7872",
	CODEN = "COALDM",
	MRCLASS = "16W30 (18D10)",
	MRNUMBER = "98d:16049",
	MRREVIEWER = "Amnon Neeman"
}

@article{BruLacVir:HMMC,
	AUTHOR = {Brugui{\`e}res, Alain and Lack, Steve and Virelizier, Alexis},
	TITLE = {Hopf monads on monoidal categories},
	JOURNAL = {Adv. Math.},
	FJOURNAL = {Advances in Mathematics},
	VOLUME = {227},
	YEAR = {2011},
	NUMBER = {2},
	PAGES = {745--800},
	ISSN = {0001-8708},
	CODEN = {ADMTA4},
	MRCLASS = {18C20 (16T05 18D10 18D15)},
	MRNUMBER = {2793022 (2012h:18003)},
	MRREVIEWER = {Joost Vercruysse},
	DOI = {10.1016/j.aim.2011.02.008},
	URL = {http://dx.doi.org/10.1016/j.aim.2011.02.008}
}

@Article{Brz:CPC,
	AUTHOR = "Tomasz Brzezi{\'n}ski",
	TITLE = "Crossed products by a coalgebra",
	JOURNAL = "Comm. Algebra",
	FJOURNAL = "Communications in Algebra",
	VOLUME = "25",
	YEAR = "1997",
	NUMBER = "11",
	PAGES = "3551--3575",
	ISSN = "0092-7872",
	CODEN = "COALDM",
	MRCLASS = "16W30",
	MRNUMBER = "MR1468823 (98i:16034)",
	MRREVIEWER = "Richard K. Molnar"
}

@Article{Brz:MACGE,
	AUTHOR = "Tomasz Brzezi{\'n}ski",
	TITLE = "On modules associated to coalgebra {G}alois extensions",
	JOURNAL = "J. Algebra",
	FJOURNAL = "Journal of Algebra",
	VOLUME = "215",
	YEAR = "1999",
	NUMBER = "1",
	PAGES = "290--317",
	ISSN = "0021-8693",
	CODEN = "JALGA4",
	MRCLASS = "16W30",
	MRNUMBER = "MR1684158 (2000c:16047)",
	MRREVIEWER = "Akira Masuoka"
}

@Article{BrzHaj:CGC,
	AUTHOR = "Tomasz Brzezi{\'n}ski and Piotr M. Hajac",
	TITLE = "The {C}hern-{G}alois character",
	JOURNAL = "C. R. Math. Acad. Sci. Paris",
	FJOURNAL = "Comptes Rendus Math{\'e}matique. Acad{\'e}mie des Sciences. Paris",
	VOLUME = "338",
	YEAR = "2004",
	NUMBER = "2",
	PAGES = "113--116",
	ISSN = "1631-073X",
	MRCLASS = "16W30",
	MRNUMBER = "MR2038278"
}

@Article{BrzHaj:GTENG,
	author = "Tomasz Brzezi{\'n}ski and Pjotr Hajac",
	title = "Galois type extensions and noncommutative geometry",
	journal = "preprint",
	year = 2003
}

@Article{BrzMaj:QGGTQS,
	AUTHOR = "Thomasz Brzezi{\'n}ski and Shahn Majid",
	TITLE = "Quantum group gauge theory on quantum spaces",
	JOURNAL = "Comm. Math. Phys.",
	FJOURNAL = "Communications in Mathematical Physics",
	VOLUME = "157",
	YEAR = "1993",
	NUMBER = "3",
	PAGES = "591--638",
	ISSN = "0010-3616",
	CODEN = "CMPHAY",
	MRCLASS = "58B30 (16W30 17B37 81R50)",
	MRNUMBER = "MR1243712 (94g:58015)",
	MRREVIEWER = "Pavel \v{S}{\v{t}}ov{\'i}\v{c}ek"
}

@Article{BrzMil:BBD,
	AUTHOR = "Tomasz Brzezi{\'n}ski and Gigel Militaru",
	TITLE = "Bialgebroids, $\times\sb {A}$-bialgebras and duality",
	JOURNAL = "J. Algebra",
	FJOURNAL = "Journal of Algebra",
	VOLUME = "251",
	YEAR = "2002",
	PAGES = "279--294",
	ISSN = "0021-8693",
	CODEN = "JALGA4",
	MRCLASS = "16W30 (17Bxx)",
	MRNUMBER = "1 900 284"
}

@Article{BulCae:IDQHAA,
	AUTHOR = "D. Bulacu and S. Caenepeel",
	TITLE = "Integrals for (dual) quasi-{H}opf algebras. {A}pplications",
	JOURNAL = "J. Algebra",
	FJOURNAL = "Journal of Algebra",
	VOLUME = "266",
	YEAR = "2003",
	NUMBER = "2",
	PAGES = "552--583",
	ISSN = "0021-8693",
	CODEN = "JALGA4",
	MRCLASS = "16W30"
}

@Article{BulPanOys:QHAASP,
	AUTHOR = "Daniel Bulacu and Florin Panaite and Freddy {Van Oystaeyen}",
	TITLE = "Quasi-{H}opf algebra actions and smash products",
	JOURNAL = "Comm. Algebra",
	FJOURNAL = "Communications in Algebra",
	VOLUME = "28",
	YEAR = "2000",
	NUMBER = "2",
	PAGES = "631--651",
	ISSN = "0092-7872",
	CODEN = "COALDM",
	MRCLASS = "16W30 (16S40)",
	MRNUMBER = "MR1736752 (2000m:16048)",
	MRREVIEWER = "Akira Masuoka"
}

@Article{CWSWW,
	AUTHOR = "U. Carow-Watamura and M. Schlieker and S. Watamura and W. Weich",
	TITLE = "Bicovariant Differential Calculus on Quantum Groups $\mbox{SU}_q(N)$ and $\mbox{SO}_q(N)$",
	JOURNAL = "Comm. Math. Phys.",
	VOLUME = 142,
	YEAR = 1991,
	PAGES = "605--641"
}

@Article{CaeIonMilZhu:GPTB,
	author = "S. Caenepeel and B. Ion and G. Militaru and S. Zhu",
	title = "A general product of two bialgebras",
	journal = "preprint",
	year = 1998
}

@Article{CaeMilZhu:YDMDHM,
	AUTHOR = "S. Caenepeel and G. Militaru and Shenglin Zhu",
	TITLE = "Crossed modules and {D}oi-{H}opf modules",
	JOURNAL = "Israel J. Math.",
	FJOURNAL = "Israel Journal of Mathematics",
	VOLUME = "100",
	YEAR = "1997",
	PAGES = "221--247",
	ISSN = "0021-2172",
	CODEN = "ISJMAP",
	MRCLASS = "16W30",
	MRNUMBER = "MR1469112 (98h:16057)",
	MRREVIEWER = "E. J. Taft"
}

@InProceedings{CaeOysZha:QYBMA,
	AUTHOR = "S. Caenepeel and F. {Van Oystaeyen} and Y. H. Zhang",
	TITLE = "Quantum {Y}ang-{B}axter module algebras",
	BOOKTITLE = "Proceedings of Conference on Algebraic Geometry and Ring Theory in honor of Michael Artin, Part III (Antwerp, 1992)",
	JOURNAL = "$K$-Theory",
	FJOURNAL = "$K$-Theory. An Interdisciplinary Journal for the Development, Application, and Influence of $K$-Theory in the Mathematical Sciences",
	VOLUME = "8",
	YEAR = "1994",
	NUMBER = "3",
	PAGES = "231--255",
	ISSN = "0920-3036",
	CODEN = "KTHEEO",
	MRCLASS = "16W30",
	MRNUMBER = "MR1291020 (95e:16031)",
	MRREVIEWER = "E. J. Taft"
}

@InCollection{CaeRai:IFDKUHM,
	AUTHOR = "S. Caenepeel and \c{S}. Raianu",
	TITLE = "Induction functors for the {D}oi-{K}oppinen unified {H}opf modules",
	BOOKTITLE = "Abelian groups and modules (Padova, 1994)",
	SERIES = "Math. Appl.",
	VOLUME = "343",
	PAGES = "73--94",
	PUBLISHER = "Kluwer Acad. Publ.",
	ADDRESS = "Dordrecht",
	YEAR = "1995",
	MRCLASS = "16W30",
	MRNUMBER = "MR1378191 (97a:16071)",
	MRREVIEWER = "Blas Torrecillas Jover"
}

@Article{ChaHarRos:GTCCR,
	author = "Stephen U. Chase and D. K. Harrison and Alex Rosenberg",
	title = "Galois Theory and Cohomology of Commutative Rings",
	journal = "Mem. AMS",
	volume = 52,
	year = 1965
}

@Book{ChaPre:GQG,
	AUTHOR = "Vyjayanthi Chari and Andrew Pressley",
	TITLE = "A guide to quantum groups",
	PUBLISHER = "Cambridge University Press",
	ADDRESS = "Cambridge",
	YEAR = "1994",
	PAGES = "xvi+651",
	ISBN = "0-521-43305-3",
	MRCLASS = "17B37 (16W30 81R50)",
	MRNUMBER = "95j:17010",
	MRREVIEWER = "Tomasz Brzezi{\'n}ski"
}

@Book{ChaSwe:HAGT,
	author = "S. Chase and M. Sweedler",
	title = "Hopf algebras and {G}alois theory",
	publisher = "Springer",
	series = "Lecture Notes in Math.",
	volume = 97,
	year = 1969,
	address = "Berlin, Heidelberg, New York"
}

@Unpublished{Chenchang:pc,
	Author = "Chenchang Zhu",
	title = "personal communication"
}

@Article{CibRos:HBM,
	AUTHOR = {Cibils, Claude and Rosso, Marc},
	TITLE = {Hopf bimodules are modules},
	JOURNAL = {J. Pure Appl. Algebra},
	FJOURNAL = {Journal of Pure and Applied Algebra},
	VOLUME = {128},
	YEAR = {1998},
	NUMBER = {3},
	PAGES = {225--231},
	ISSN = {0022-4049},
	CODEN = {JPAAA2},
	MRCLASS = {16W30},
	MRNUMBER = {1626345 (99i:16067)},
	MRREVIEWER = {Walter R. Ferrer Santos},
	DOI = {10.1016/S0022-4049(97)00060-1},
	URL = {http://dx.doi.org/10.1016/S0022-4049(97)00060-1}
}

@Article{CliParSco:IMAQ,
	AUTHOR = "Edward Cline and Brian Parshall and Leonard Scott",
	TITLE = "Induced modules and affine quotients",
	JOURNAL = "Math. Ann.",
	VOLUME = "230",
	YEAR = "1977",
	NUMBER = "1",
	PAGES = "1--14",
	MRCLASS = "20G05",
	MRNUMBER = "57 \#9861",
	MRREVIEWER = "Chin-han Sah"
}

@Article{Coh:SPIAQR,
	author = "Miriam Cohen",
	title = "Smash products, inner actions and quotient rings",
	journal = "Pac. J. Math.",
	volume = 125,
	pages = "45--66",
	year = 186
}

@Article{Coq:NGTP,
	AUTHOR = "R. Coquereaux",
	TITLE = "Noncommutative Geometry and Theoretical Physics",
	JOURNAL = "J. of Geom. and Phys.",
	YEAR = 1989,
	VOLUME = 6,
	PAGES = "425--490"
}

@Book{CoxLitOSh:IVA,
	AUTHOR = "David Cox and John Little and Donal O'Shea",
	TITLE = "Ideals, varieties, and algorithms",
	SERIES = "Undergraduate Texts in Mathematics",
	EDITION = "Second",
	NOTE = "An introduction to computational algebraic geometry and commutative algebra",
	PUBLISHER = "Springer-Verlag",
	ADDRESS = "New York",
	YEAR = "1997",
	PAGES = "xiv+536",
	ISBN = "0-387-94680-2",
	MRCLASS = "13P10 (13-01 14-01 14Qxx 68Q40)",
	MRNUMBER = "MR1417938 (97h:13024)"
}

@Article{CuaFem:SCBGCQTHA,
	title = "A sequence to compute the {B}rauer group of certain quasi-triangular {H}opf algebras",
	author = "Juan Cuadra and Bojana Femi{\'c}",
	journal = "preprint",
	year = "math.QA/0809.2517"
}

@Book{CurRei:MRTI,
	author = "Charles W. Curtis and Irving Reiner",
	title = "Methods of representation theory, vol. {I}",
	year = "1981",
	publisher = "Wiley"
}

@Article{Dad:GGRM,
	AUTHOR = "E. C. Dade",
	TITLE = "Group Graded Rings and Modules",
	JOURNAL = "Math. Zeitschrift",
	VOLUME = "174",
	YEAR = "1980",
	PAGES = "241--262"
}

@Article{DasMilRai:CCCC,
	author = "S. Dascalescu and G. Militaru and S. Raianu",
	title = "Crossed coproducts and cleft coextensions",
	journal = "Comm. Algebra",
	volume = 24,
	pages = "1229--1243",
	year = 1996
}

@Article{Dav:GAMFBCRFG,
	AUTHOR = "A. A. Davydov",
	TITLE = "Galois algebras and monoidal functors between categories of representations of finite groups",
	JOURNAL = "J. Algebra",
	FJOURNAL = "Journal of Algebra",
	VOLUME = "244",
	YEAR = "2001",
	NUMBER = "1",
	PAGES = "273--301",
	ISSN = "0021-8693",
	CODEN = "JALGA4",
	MRCLASS = "20C15",
	MRNUMBER = "1 856 538"
}

@misc{Dav:PC,
	author = "Alexei Davydov",
	howpublished = "private communication"
}

@Book{DeMIng:SACR,
	Author = "Frank DeMeyer and Edward Ingraham",
	title = "Separable Algebras over Commutative Rings",
	publisher = "Springer",
	series = "Lecture Notes in Math.",
	volume = 181,
	year = 1971,
	address = "Berlin, Heidelberg, New York"
}

@InProceedings{Del:CT,
	AUTHOR = "P. Deligne",
	TITLE = "Cat{\'e}gories tannakiennes",
	BOOKTITLE = "The {G}rothendieck {F}estschrift",
	VOLUME = "II",
	PAGES = "111--195",
	year = 1990,
	publisher = "Birkh{\"a}user",
	address = "Boston etc."
}

@Book{DemGab:GAI,
	AUTHOR = "M. Demazure and P. Gabriel",
	TITLE = "Groupes Alg{\'e}briques I",
	ADDRESS = "Amsterdam",
	PUBLISHER = "North Holland",
	YEAR = "1970"
}

@Article{Did:PHAQI,
	author = "Daniel Didt",
	title = "Pointed Hopf algebras and Quasi-isomorphisms",
	journal = "preprint",
	year = "math.QA/0201276"
}

@PhDThesis{Did:thesis,
	author = "Daniel Didt",
	title = "Linkable {D}ynkin diagrams and quasi-isomorphisms for finite-dimensional pointed {H}opf algebras",
	school = "Universit{\"a}t {M}{\"u}nchen",
	year = 2002
}

@Article{Dij:SRCQSS,
	AUTHOR = "Mathijs S. Dijkhuizen",
	TITLE = "Some remarks on the construction of quantum symmetric spaces",
	NOTE = "Representations of Lie groups, Lie algebras and their quantum analogues",
	JOURNAL = "Acta Appl. Math.",
	FJOURNAL = "Acta Applicandae Mathematicae. An International Survey Journal on Applying Mathematics and Mathematical Applications",
	VOLUME = "44",
	YEAR = "1996",
	NUMBER = "1-2",
	PAGES = "59--80",
	ISSN = "0167-8019",
	CODEN = "AAMADV",
	MRCLASS = "33D80 (05E35 33D45 43A90 81R50)",
	MRNUMBER = "98c:33020"
}

@Article{DijKoo:QHSDQ2S,
	AUTHOR = "Mathijs S. Dijkhuizen and Tom H. Koornwinder",
	TITLE = "Quantum homogeneous spaces, duality and quantum {$2$}-spheres",
	JOURNAL = "Geom. Dedicata",
	FJOURNAL = "Geometriae Dedicata",
	VOLUME = "52",
	YEAR = "1994",
	NUMBER = "3",
	PAGES = "291--315",
	ISSN = "0046-5755",
	CODEN = "GEMDAT",
	MRCLASS = "16W30 (17B37 58B30)",
	MRNUMBER = "95i:16037",
	MRREVIEWER = "Mitsuhiro Takeuchi"
}

@Article{DijPasRoc:QHAGCOM,
	author = "R. Dijkgraaf and V. Pasquier and P. Roche",
	title = "Quasi {H}opf algebras, group cohomology and orbifold models",
	journal = "Nuclear Phys. B Proc. Suppl.",
	volume = "18B",
	year = 1990,
	pages = "60--72"
}

@Article{Doi:AWTI,
	AUTHOR = "Yukio Doi",
	TITLE = "Algebras with total integrals",
	JOURNAL = "Comm. in Alg.",
	YEAR = 1985,
	VOLUME = 13,
	PAGES = "2137--2159"
}

@Article{Doi:BBQB,
	AUTHOR = "Yukio Doi",
	TITLE = "Braided bialgebras and quadratic bialgebras",
	JOURNAL = "Comm. Algebra",
	FJOURNAL = "Communications in Algebra",
	VOLUME = "21",
	YEAR = "1993",
	NUMBER = "5",
	PAGES = "1731--1749",
	ISSN = "0092-7872",
	CODEN = "COALDM",
	MRCLASS = "16W30",
	MRNUMBER = "MR1213985 (94a:16071)",
	MRREVIEWER = "Mitsuhiro Takeuchi"
}

@Article{Doi:CCAHM,
	AUTHOR = "Yukio Doi",
	TITLE = "Cleft comodule algebras and {H}opf modules",
	JOURNAL = "Comm. in Alg.",
	YEAR = 1984,
	PAGES = "1155--1169",
	VOLUME = 12
}

@Article{Doi:ECPHA,
	author = "Yukio Doi",
	title = "Equivalent crossed products for a {H}opf algebra",
	journal = "Comm. Algebra",
	volume = 17,
	year = 1989,
	pages = "3053--3085"
}

@Article{Doi:SRHM,
	AUTHOR = "Yukio Doi",
	TITLE = "On the structure of relative {H}opf modules",
	JOURNAL = "Comm. Algebra",
	FJOURNAL = "Communications in Algebra",
	VOLUME = "11",
	YEAR = "1983",
	NUMBER = "3",
	PAGES = "243--255",
	ISSN = "0092-7872",
	CODEN = "COALDM",
	MRCLASS = "16A24",
	MRNUMBER = "84a:16014",
	MRREVIEWER = "Mitsuhiro Takeuchi"
}

@Article{Doi:UHM,
	author = "Yukio Doi",
	title = "Unifying {H}opf modules",
	journal = "J. Algebra",
	volume = 153,
	year = 1992,
	pages = "373--385"
}

@Article{DoiTak:CCAB,
	AUTHOR = "Y.~Doi and M.~Takeuchi",
	TITLE = "Cleft Comodule Algebras for a Bialgebra",
	JOURNAL = "Comm. in Alg.",
	VOLUME = 14,
	Pages = "801--817",
	Year = 1986
}

@Article{DoiTak:HGEAMUAAA,
	AUTHOR = "Y.~Doi and M.~Takeuchi",
	TITLE = "{H}opf-{Galois} Extensions of Algebras, the {Miyashita}-{Ulbrich} Action, and {Azumaya} Algebras",
	JOURNAL = "J. Algebra",
	VOLUME = 121,
	PAGES = "488--516",
	YEAR = 1989
}

@Article{DoiTak:MATCQV,
	AUTHOR = "Yukio Doi and Mitsuhiro Takeuchi",
	TITLE = "Multiplication alteration by two-cocycles---the quantum version",
	JOURNAL = "Comm. Algebra",
	FJOURNAL = "Communications in Algebra",
	VOLUME = "22",
	YEAR = "1994",
	NUMBER = "14",
	PAGES = "5715--5732",
	ISSN = "0092-7872",
	CODEN = "COALDM",
	MRCLASS = "16W30 (17B37)",
	MRNUMBER = "MR1298746 (95j:16043)",
	MRREVIEWER = "D. A. Jordan"
}

@Article{DoiTak:QAHCP,
	author = "Yukio Doi and Mitsuhiro Takeuchi",
	title = "Quaternion Algebras and {H}opf crossed products",
	journal = "Comm. in Alg.",
	volume = "23",
	year = "1995",
	pages = "3291--3325"
}

@InProceedings{Dri:QG,
	AUTHOR = "V. G. Drinfel'd",
	TITLE = "Quantum Groups",
	YEAR = 1986,
	BOOKTITLE = "Proc. of the ICM",
	PAGES = "798--820"
}

@Article{Dri:QHA,
	AUTHOR = "V. G. Drinfel{\cprime}d",
	TITLE = "Quasi-{H}opf algebras",
	JOURNAL = "Algebra i Analiz",
	FJOURNAL = "Algebra i Analiz",
	VOLUME = "1",
	YEAR = "1989",
	NUMBER = "6",
	PAGES = "114--148",
	ISSN = "0234-0852",
	MRCLASS = "17B37 (16W30 57M25 81T40)",
	MRNUMBER = "MR1047964 (91b:17016)",
	MRREVIEWER = "Ya. S. So{\u\i}bel{\cprime}man"
}

@Article{Dri:QHAengl,
	Author = "V. G. Drinfel'd",
	title = "Quasi-{H}opf algebras",
	journal = "Leningrad Math. J.",
	volume = 1,
	year = 1990,
	pages = "1419--1457"
}

@Article{DubLau:QGNBF,
	AUTHOR = "Michel Dubois-Violette and Guy Launer",
	TITLE = "The quantum group of a nondegenerate bilinear form",
	JOURNAL = "Phys. Lett. B",
	FJOURNAL = "Physics Letters. B",
	VOLUME = "245",
	YEAR = "1990",
	NUMBER = "2",
	PAGES = "175--177",
	ISSN = "0370-2693",
	CODEN = "PYLBAJ",
	MRCLASS = "16W30 (17B37 57T05)",
	MRNUMBER = "91j:16049",
	MRREVIEWER = "Vladimir A. Stukopin"
}

@Article{EarKre:GAHC,
	author = "Theresa E. Early and H. F. Kreimer",
	title = "Galois Algebras and {H}arrison Cohomology",
	journal = "J. Algebra",
	volume = 58,
	pages = "136--147",
	year = 1979
}

@Article{EilMac:CTAGII,
	author = "Samuel Eilenberg and Saunders MacLane",
	title = "Cohomology theory in abstract groups. {II}. {G}roup extensions with a non-abelian kernel",
	journal = "Ann. of Math.",
	volume = 48,
	year = 1947,
	pages = "326--341"
}

@Article{Eps:FBTC,
	AUTHOR = "D. B. A. Epstein",
	TITLE = "Functors between tensored categories",
	JOURNAL = "Invent. Math.",
	VOLUME = "1",
	YEAR = "1966",
	PAGES = "221--228",
	MRCLASS = "18.10",
	MRNUMBER = "MR0213412 (35 \#4276)",
	MRREVIEWER = "J. W. Gray"
}

@Article{Eti:VTTC,
	AUTHOR = "Pavel Etingof",
	TITLE = "On {V}afa's theorem for tensor categories",
	JOURNAL = "Math. Res. Lett.",
	FJOURNAL = "Mathematical Research Letters",
	VOLUME = "9",
	YEAR = "2002",
	NUMBER = "5-6",
	PAGES = "651--657",
	ISSN = "1073-2780",
	MRCLASS = "18D10",
	MRNUMBER = "2003i:18009",
	MRREVIEWER = "Dmitri A. Nikshych"
}

@Article{EtiGel:EFDHA,
	AUTHOR = "Pavel Etingof and Shlomo Gelaki",
	TITLE = "On the exponent of finite-dimensional {H}opf algebras",
	JOURNAL = "Math. Res. Lett.",
	FJOURNAL = "Mathematical Research Letters",
	VOLUME = "6",
	YEAR = "1999",
	NUMBER = "2",
	PAGES = "131--140",
	ISSN = "1073-2780",
	MRCLASS = "16W30",
	MRNUMBER = "2000f:16045",
	MRREVIEWER = "Sara Westreich"
}

@Article{EtiGel:FTHA,
	author = "Pavel Etingof and Shlomo Gelaki",
	title = "On Families of Triangular {H}opf algebras",
	journal = "preprint",
	year = "math.QA/0110043"
}

@Article{EtiNik:DQGR1,
	author = "Pavel Etingof and Dimitri Nikshych",
	title = "Dynamical quantum groups at roots of 1",
	journal = "Duke Math. J.",
	volume = 108,
	year = 2001,
	pages = "135--168"
}

@Article{EtiNikOst:FC,
	AUTHOR = {Etingof, Pavel and Nikshych, Dmitri and Ostrik, Viktor},
	TITLE = {On fusion categories},
	JOURNAL = {Ann. of Math. (2)},
	FJOURNAL = {Annals of Mathematics. Second Series},
	VOLUME = {162},
	YEAR = {2005},
	NUMBER = {2},
	PAGES = {581--642},
	ISSN = {0003-486X},
	CODEN = {ANMAAH},
	MRCLASS = {16W30 (18D10)},
	MRNUMBER = {2183279 (2006m:16051)},
	MRREVIEWER = {Yorck Sommerh{\"a}user},
	DOI = {10.4007/annals.2005.162.581},
	URL = {http://dx.doi.org/10.4007/annals.2005.162.581}
}

@article{EtiOst:FTC,
	AUTHOR = {Etingof, Pavel and Ostrik, Viktor},
	TITLE = {Finite tensor categories},
	JOURNAL = {Mosc. Math. J.},
	FJOURNAL = {Moscow Mathematical Journal},
	VOLUME = {4},
	YEAR = {2004},
	NUMBER = {3},
	PAGES = {627--654, 782--783},
	ISSN = {1609-3321},
	MRCLASS = {18D10 (16W30)},
	MRNUMBER = {2119143 (2005j:18006)},
	MRREVIEWER = {Sebastian Burciu}
}

@Article{FVLL:CCTISCC,
	AUTHOR = "J. M. {Fern{\'a}ndez Vilaboa} and M. P. {L{\'o}pez L{\'o}pez}",
	TITLE = "Cleft comodule triples in a symmetric closed category",
	JOURNAL = "Bull. Soc. Math. Belg. S{\'e}r. B",
	VOLUME = 40,
	YEAR = 1988,
	PAGES = "283--297"
}

@Article{FVVN:ACCCT,
	AUTHOR = "J. M. {Fern{\'a}ndez Vilaboa} and E. {Villanueva N{\'o}voa}",
	TITLE = "A characterization of the cleft comodule triples",
	JOURNAL = "Comm. in Alg.",
	VOLUME = 16,
	YEAR = 1988,
	PAGES = "613--622"
}

@ARTICLE{Fir:RTAMETO,
	author = {{First}, U.~A.},
	title = "{Rings That Are Morita Equivalent to Their Opposites}",
	journal = {ArXiv e-prints},
	archivePrefix = "arXiv",
	eprint = {1305.5139},
	primaryClass = "math.RA",
	keywords = {Mathematics - Rings and Algebras, 11E39, 16D90, 16H05, 16W10},
	year = 2013,
	month = may,
	adsurl = {http://adsabs.harvard.edu/abs/2013arXiv1305.5139F},
	adsnote = {Provided by the SAO/NASA Astrophysics Data System}
}

@Article{FisMonSch:FESHA,
	AUTHOR = "D. Fischman and S. Montgomery and H.-J. Schneider",
	TITLE = "Frobenius extensions of subalgebras of {H}opf algebras",
	JOURNAL = "Trans. Amer. Math. Soc.",
	FJOURNAL = "Transactions of the American Mathematical Society",
	VOLUME = "349",
	YEAR = "1997",
	NUMBER = "12",
	PAGES = "4857--4895",
	ISSN = "0002-9947",
	CODEN = "TAMTAM",
	MRCLASS = "16W30",
	MRNUMBER = "98c:16049",
	MRREVIEWER = "Mitsuhiro Takeuchi"
}

@Article{FreYet:BCCCALDT,
	AUTHOR = "P. J. Freyd and D. N. Yetter",
	TITLE = "Braided compact closed categories with applications to low dimensional topology",
	JOURNAL = "Adv. in Math.",
	VOLUME = 77,
	YEAR = 1989,
	PAGES = "156--182"
}

@Article{FreYet:CTVKT,
	AUTHOR = "Peter Freyd and David N. Yetter",
	TITLE = "Coherence theorems via knot theory",
	JOURNAL = "J. Pure Appl. Algebra",
	FJOURNAL = "Journal of Pure and Applied Algebra",
	VOLUME = "78",
	YEAR = "1992",
	NUMBER = "1",
	PAGES = "49--76",
	ISSN = "0022-4049",
	CODEN = "JPAAA2",
	MRCLASS = "18D10 (57M25)",
	MRNUMBER = "93d:18013",
	MRREVIEWER = "R. H. Street"
}

@Article{FreZhu:VOAARAVA,
	author = "I. Frenkel and Y. Zhu",
	title = "Vertex operator algebras associated to representations of affine and {V}irasoro algebras",
	journal = "Duke Math. J.",
	volume = 66,
	year = 1992,
	pages = "123--168"
}

@Article{FucGanSzlVes:FSIRMCC,
	author = "J. Fuchs and Ch. Ganchev and Kornel Szlach{\'a}nyi and P. Vescerny{\'e}s",
	title = "${S}_4$-Symmetry of $6j$-symbols and {F}robenius-{S}chur indicators in rigid monoidal ${C^*}$-categories",
	journal = "J. Math. Phys.",
	volume = 40,
	year = 1999,
	pages = "408--426"
}

@InCollection{FucSch:CTCBC,
	AUTHOR = "J{\"u}rgen Fuchs and Christoph Schweigert",
	TITLE = "Category theory for conformal boundary conditions",
	BOOKTITLE = "Vertex operator algebras in mathematics and physics (Toronto, ON, 2000)",
	SERIES = "Fields Inst. Commun.",
	VOLUME = "39",
	PAGES = "25--70",
	PUBLISHER = "Amer. Math. Soc.",
	ADDRESS = "Providence, RI",
	YEAR = "2003",
	MRCLASS = "17B69 (18D10 81R10 81T30 81T40)",
	MRNUMBER = "MR2029790 (2005b:17056)",
	MRREVIEWER = "Albrecht S. Wurtz"
}

@Book{FulHar:RTFC,
	author = "William Fulton and Joe Harris",
	title = "Representation Theory. A first course",
	publisher = "Springer",
	year = "1991"
}

@manual{GAP4,
	key = "GAP",
	organization = "The GAP~Group",
	title = "{GAP -- Groups, Algorithms, and Programming,
                    Version 4.7.4}",
	year = 2014,
	url = "\verb+(http://www.gap-system.org)+"
}

@InCollection{Gab:EISGGF,
	AUTHOR = "P. Gabriel",
	TITLE = "{\'E}tude infinit{\'e}simale des sch{\'e}mas en groupe et groupes formels",
	BOOKTITLE = "Sch{\'e}mas en Groupes (S{\'e}m. G{\'e}om{\'e}trie Alg{\'e}brique, Inst. Hautes {\'E}tudes Sci., 1963/64), Fasc. 2b, Expos{\'e} 7a",
	PAGES = "1--65+4",
	PUBLISHER = "Inst. Hautes {\'E}tudes Sci.",
	ADDRESS = "Paris",
	YEAR = "1965",
	MRCLASS = "14.50",
	MRNUMBER = "35 \#4221",
	MRREVIEWER = "T. Oda"
}

@Book{Gab:GF,
	author = "P. Gabriel",
	title = "Groupes formels, Exp. VII B, SGA 3, {S}ch{\'e}mas en Groupes",
	series = "Lecture Notes in Mathematics",
	volume = 151,
	year = 1970,
	publisher = "Springer"
}

@Article{Gel:PHAK10C,
	AUTHOR = "Shlomo Gelaki",
	TITLE = "Pointed {H}opf algebras and {K}aplansky's 10th conjecture",
	JOURNAL = "J. Algebra",
	FJOURNAL = "Journal of Algebra",
	VOLUME = "209",
	YEAR = "1998",
	NUMBER = "2",
	PAGES = "635--657",
	ISSN = "0021-8693",
	CODEN = "JALGA4",
	MRCLASS = "16W30",
	MRNUMBER = "99j:16024",
	MRREVIEWER = "Stefaan Caenepeel"
}

@Article{GelKaz:ITDM,
	AUTHOR = "S. Gelfand and D. Kazhdan",
	TITLE = "Invariants of three-dimensional manifolds",
	JOURNAL = "Geom. Funct. Anal.",
	FJOURNAL = "Geometric and Functional Analysis",
	VOLUME = "6",
	YEAR = "1996",
	NUMBER = "2",
	PAGES = "268--300",
	ISSN = "1016-443X",
	CODEN = "GFANFB",
	MRCLASS = "57N10 (18D10)",
	MRNUMBER = "MR1384613 (98g:57026)",
	MRREVIEWER = "V. Abramov"
}

@Article{Ger:DRA,
	AUTHOR = "Murray Gerstenhaber",
	TITLE = "On the deformations of rings and algebras",
	JOURNAL = "Ann. of Math.",
	VOLUME = 79,
	PAGES = "59--103",
	YEAR = 1964
}

@Article{GerSch:BCDQG,
	AUTHOR = "Murray Gerstenhaber and Schack",
	TITLE = "Bialgebra Cohomology, Deformations and Quantum Groups",
	JOURNAL = "Proc. Nat. Acad. Sci. USA",
	VOLUME = 87,
	YEAR = 1990,
	PAGES = "478--481"
}

@Book{GooHarJon:CGTA,
	AUTHOR = "Frederick M. Goodman and Pierre {de la Harpe} and Vaughan F. R. Jones",
	TITLE = "Coxeter graphs and towers of algebras",
	PUBLISHER = "Springer-Verlag",
	ADDRESS = "New York",
	YEAR = "1989",
	PAGES = "x+288",
	ISBN = "0-387-96979-9",
	MRCLASS = "46L10 (17B99 46-02 46L37 46L60 58G99)",
	MRNUMBER = "91c:46082",
	MRREVIEWER = "Roberto Longo"
}

@Article{Gre:THAHGE,
	author = "Cornelius Greither",
	title = "On the transformation of the {H}opf algebra in a {H}opf {G}alois extension",
	year = 1996,
	journal = "Comm. in Alg.",
	volume = 24,
	pages = "737--747"
}

@Article{GrePar:HGTSFE,
	author = "Cornelius Greither and Bodo Pareigis",
	title = "Hopf {Galois} theory for separable field extensions",
	Journal = "J. Algebra",
	year = 1987,
	volume = 106,
	pages = "239--258"
}

@Article{Gru:QT,
	AUTHOR = "C. Grunspan",
	TITLE = "Quantum torsors",
	JOURNAL = "J. Pure Appl. Algebra",
	FJOURNAL = "Journal of Pure and Applied Algebra",
	VOLUME = "184",
	YEAR = "2003",
	NUMBER = "2-3",
	PAGES = "229--255",
	ISSN = "0022-4049",
	CODEN = "JPAAA2",
	MRCLASS = "16W30",
	MRNUMBER = "MR2004975 (2004i:16053)",
	MRREVIEWER = "Akira Masuoka"
}

@Article{Gue:CPPHA,
	AUTHOR = "Ralf G{\"u}nther",
	TITLE = "Crossed products for pointed {H}opf algebras",
	JOURNAL = "Comm. Algebra",
	FJOURNAL = "Communications in Algebra",
	VOLUME = "27",
	YEAR = "1999",
	NUMBER = "9",
	PAGES = "4389--4410",
	ISSN = "0092-7872",
	CODEN = "COALDM",
	MRCLASS = "16W30 (16S35)",
	MRNUMBER = "2000g:16041",
	MRREVIEWER = "Mitsuhiro Takeuchi"
}

@PhDThesis{Gue:thesis,
	author = "Ralf G{\"u}nther",
	title = "Verschr{\"a}nkte Produkte f{\"u}r punktierte Hopfalgebren",
	year = 1998,
	school = "Universit{\"a}t M{\"u}nchen"
}

@Article{Hai:CBBCCS,
	AUTHOR = "Ph{\`u}ng H{\cfgrv{o}} H{\`a}i",
	TITLE = "Central bialgebras in braided categories and coquasitriangular structures",
	JOURNAL = "J. Pure Appl. Algebra",
	FJOURNAL = "Journal of Pure and Applied Algebra",
	VOLUME = "140",
	YEAR = "1999",
	NUMBER = "3",
	PAGES = "229--250",
	ISSN = "0022-4049",
	CODEN = "JPAAA2",
	MRCLASS = "16W30 (18D10)",
	MRNUMBER = "MR1704448 (2000f:16048)",
	MRREVIEWER = "Mauro Costantini"
}

@article{Hai:ETAMC,
	AUTHOR = {Ph{\`u}ng H{\cfgrv{o}} H{\'a}i},
	TITLE = {An embedding theorem for abelian monoidal categories},
	JOURNAL = {Compositio Math.},
	FJOURNAL = {Compositio Mathematica},
	VOLUME = {132},
	YEAR = {2002},
	NUMBER = {1},
	PAGES = {27--48},
	ISSN = {0010-437X},
	CODEN = {CMPMAF},
	MRCLASS = {18D10 (18E20)},
	MRNUMBER = {1914254 (2003g:18009)},
	MRREVIEWER = {William Peter Joyce},
	DOI = {10.1023/A:1016076714394},
	URL = {http://dx.doi.org/10.1023/A:1016076714394}
}

@Article{Hai:MQGTA,
	AUTHOR = "Ph{\`u}ng H{\cfgrv{o}} H{\`a}i",
	TITLE = "On matrix quantum groups of type {$A\sb n$}",
	JOURNAL = "Internat. J. Math.",
	FJOURNAL = "International Journal of Mathematics",
	VOLUME = "11",
	YEAR = "2000",
	NUMBER = "9",
	PAGES = "1115--1146",
	ISSN = "0129-167X",
	MRCLASS = "16W30",
	MRNUMBER = "2001m:16064",
	MRREVIEWER = "Walter R. Ferrer Santos"
}

@article{Hai:TKDHA,
	AUTHOR = {Ph{\`u}ng H{\cfgrv{o}} H{\'a}i},
	TITLE = {Tannaka-{K}rein duality for {H}opf algebroids},
	JOURNAL = {Israel J. Math.},
	FJOURNAL = {Israel Journal of Mathematics},
	VOLUME = {167},
	YEAR = {2008},
	PAGES = {193--225},
	ISSN = {0021-2172},
	CODEN = {ISJMAP},
	MRCLASS = {16W30 (16D90 18D10)},
	MRNUMBER = {2448024 (2009g:16059)},
	MRREVIEWER = {Gabriella B{\"o}hm},
	DOI = {10.1007/s11856-008-1047-5},
	URL = {http://dx.doi.org/10.1007/s11856-008-1047-5}
}

@Article{HajMatSzy:LTQHF,
	author = "Pjotr Hajac and Rainer Matthes and Wojciech Szyma{\'n}ski",
	title = "Locally trivial quantum {H}opf fibration",
	journal = "preprint",
	year = "QA/01123117"
}

@Article{HajMatSzy:QRPSDS,
	AUTHOR = "Piotr M. Hajac and Rainer Matthes and Wojciech Szyma{\'n}ski",
	TITLE = "Quantum real projective space, disc and spheres",
	JOURNAL = "Algebr. Represent. Theory",
	FJOURNAL = "Algebras and Representation Theory",
	VOLUME = "6",
	YEAR = "2003",
	NUMBER = "2",
	PAGES = "169--192",
	ISSN = "1386-923X",
	CODEN = "ARTHF4",
	MRCLASS = "46Lxx (19Kxx 58Bxx 81R50)",
	MRNUMBER = "1 977 928"
}

@PhDThesis{Hal:DDVH,
	author = "Frank Halanke",
	title = "Das {D}rinfeld-{D}oppel einer verzopften {H}opfalgebra",
	year = 1997,
	school = "Universit{\"a}t M{\"u}nchen"
}

@Article{Har:AEAF,
	AUTHOR = "D. K. Harrison",
	TITLE = "Abelian extensions of arbitrary fields",
	JOURNAL = "Trans. Amer. Math. Soc.",
	FJOURNAL = "Transactions of the American Mathematical Society",
	VOLUME = "106",
	YEAR = "1963",
	PAGES = "230--235",
	ISSN = "0002-9947",
	MRCLASS = "12.40",
	MRNUMBER = "MR0142545 (26 \#114)",
	MRREVIEWER = "M. J. Wonenburger"
}

@Article{Har:AECR,
	AUTHOR = "D. K. Harrison",
	TITLE = "Abelian extensions of commutative rings",
	JOURNAL = "Mem. Amer. Math. Soc. No.",
	FJOURNAL = "Memoirs of the American Mathematical Society",
	VOLUME = "52",
	YEAR = "1965",
	PAGES = "1--14",
	ISSN = "0065-9266",
	MRCLASS = "13.90 (18.20)",
	MRNUMBER = "MR0195921 (33 \#4117)",
	MRREVIEWER = "H. R{\"o}hrl"
}

@Article{Has:MAKFG,
	AUTHOR = "Helmut Hasse",
	TITLE = "Die {M}ultiplikationsgruppe der {A}belschen {K}{\"o}rper mit fester {G}aloisgruppe",
	JOURNAL = "Abh. Math. Sem. Univ. Hamburg",
	FJOURNAL = "Abhandlungen aus dem Mathematischen Seminar der Universit{\"a}t Hamburg",
	VOLUME = "16",
	YEAR = "1949",
	PAGES = "29--40",
	ISSN = "0025-5858",
	MRCLASS = "09.1X",
	MRNUMBER = "MR0032597 (11,313d)",
	MRREVIEWER = "O. F. G. Schilling"
}

@Article{HauNil:DCPDQQG,
	author = "Frank Hausser and Florian Nill",
	title = "Diagonal crossed products by duals of quasi-quantum groups",
	journal = "Rev. Math. Phys.",
	year = 1999,
	volume = 11,
	pages = "553--629"
}

@Article{HauNil:DQQG,
	author = "Frank Hausser and Florian Nill",
	title = "Doubles of quasi-quantum groups",
	journal = "Comm. Math. Phys.",
	volume = 199,
	pages = "547--589",
	year = 1999
}

@ARTICLE{HauNil:ITQHA,
	author = {{Hausser}, F. and {Nill}, F.},
	title = "{Integral Theory for Quasi-Hopf Algebras}",
	journal = {ArXiv Mathematics e-prints},
	eprint = {math/9904164},
	keywords = {Quantum Algebra},
	year = 1999,
	month = apr,
	adsurl = {http://adsabs.harvard.edu/abs/1999math......4164H},
	adsnote = {Provided by the SAO/NASA Astrophysics Data System}
}

@Article{Hay:ARFRWZWM,
	author = "Takahiro Hayashi",
	title = "An algebra related to the fusion rules of {W}ess-{Z}umino-{W}itten models",
	Journal = "Lett. Math. Phys.",
	volume = "22",
	year = "1991",
	pages = "291--296"
}

@InCollection{Hay:BIFA,
	AUTHOR = "Takahiro Hayashi",
	TITLE = "A brief introduction to face algebras",
	BOOKTITLE = "New trends in Hopf algebra theory (La Falda, 1999)",
	PAGES = "161--176",
	PUBLISHER = "Amer. Math. Soc.",
	ADDRESS = "Providence, RI",
	YEAR = "2000",
	MRCLASS = "81R50 (16W30)",
	MRNUMBER = "2001j:81106",
	MRREVIEWER = "Shao-Ming Fei"
}

@Article{Hay:CHFAGLM,
	AUTHOR = "Takahiro Hayashi",
	TITLE = "Coribbon {H}opf (face) algebras generated by lattice models",
	JOURNAL = "J. Algebra",
	FJOURNAL = "Journal of Algebra",
	VOLUME = "233",
	YEAR = "2000",
	NUMBER = "2",
	PAGES = "614--641",
	ISSN = "0021-8693",
	CODEN = "JALGA4",
	MRCLASS = "16W30 (57M27 57R57)",
	MRNUMBER = "2001h:16040",
	MRREVIEWER = "Rita Fioresi"
}

@Article{Hay:CQGFT,
	author = "Takahiro Hayashi",
	title = "Compact quantum groups of face type",
	Journal = "Publ. RIMS, Kyoto Univ.",
	volume = "32",
	year = "1996",
	pages = "351--369"
}

@Article{Hay:FADD,
	author = "Takahiro Hayashi",
	title = "Face algebras and their {D}rinfeld doubles",
	Journal = "Proc. Symp. Pure Appl. Math.",
	volume = "56",
	year = "1994",
	pages = "Part 2, 49--61"
}

@Article{Hay:FAIGQGT,
	author = "Takahiro Hayashi",
	title = "Face algebras {I}--{A} generalization of quantum group theory",
	Journal = "J.~Math.~Soc.~Japan",
	volume = 50,
	year = 1998,
	pages = "293--315"
}

@Article{Hay:GQGII1S,
	AUTHOR = "Takahiro Hayashi",
	TITLE = "Galois quantum groups of {${\rm {I}{I}}\sb 1$}-subfactors",
	JOURNAL = "Tohoku Math. J. (2)",
	FJOURNAL = "The Tohoku Mathematical Journal. Second Series",
	VOLUME = "51",
	YEAR = "1999",
	NUMBER = "3",
	PAGES = "365--389",
	ISSN = "0040-8735",
	CODEN = "TOMJAM",
	MRCLASS = "46L37",
	MRNUMBER = "2000j:46120",
	MRREVIEWER = "Carl Winsl{\o}w"
}

@Article{Hay:QDCG,
	AUTHOR = "Takahiro Hayashi",
	TITLE = "Quantum Deformation of Classical Groups",
	JOURNAL = "Publ. RIMS, Kyoto Univ.",
	VOLUME = 28,
	YEAR = 1992,
	PAGES = "57--81"
}

@Article{Hay:QGQD,
	AUTHOR = "Takahiro Hayashi",
	TITLE = "Quantum Groups and Quantum Determinants",
	JOURNAL = "J. Algebra",
	VOLUME = 152,
	YEAR = "1992",
	PAGES = "146--165"
}

@Article{Hay:QGSPFIRFMAJIT,
	author = "Takahiro Hayashi",
	title = "Quantum group symmetry of partition functions of {IRF} models and its application to {J}ones' index theory",
	Journal = "Comm. Math. Phys.",
	volume = "157",
	year = "1993",
	pages = "331--345"
}

@Book{Her:TA,
	AUTHOR = "I. N. Herstein",
	TITLE = "Topics in algebra",
	EDITION = "Second",
	PUBLISHER = "Xerox College Publishing",
	ADDRESS = "Lexington, Mass.",
	YEAR = "1975",
	PAGES = "xi+388",
	MRCLASS = "00A05",
	MRNUMBER = "50 \#9456"
}

@Article{HobPar:DQG,
	author = "Daniela Hobst and Bodo Pareigis",
	title = "Double quantum groups",
	journal = "preprint",
	year = 2000
}

@PhDThesis{Hof:Diss,
	author = "Irmengard Hofstetter",
	title = "Erweiterungen von {H}opf-{A}lgebren und ihre kohomologische Beschreibung",
	year = 1990,
	school = "Universit{\"a}t M{\"u}nchen"
}

@Article{Hof:EHACD,
	author = "Irmengard Hofstetter",
	title = "Extensions of {H}opf algebras and their cohomological description",
	journal = "J. Algebra",
	volume = 164,
	year = 1994,
	pages = "264--298"
}

@article{Hoelder1895,
author = {Hölder, O.},
journal = {Nachrichten von der Gesellschaft der Wissenschaften zu Göttingen, Mathematisch-Physikalische Klasse},
pages = {211-229},
title = {Die Gruppen mit quadratfreier Ordnungszahl},
url = {http://eudml.org/doc/58314},
volume = {1895},
year = {1895},
}

@Book{Hus:FB,
	AUTHOR = "Dale Husemoller",
	TITLE = "Fibre bundles",
	SERIES = "Graduate Texts in Mathematics",
	VOLUME = "20",
	EDITION = "Third",
	PUBLISHER = "Springer-Verlag",
	ADDRESS = "New York",
	YEAR = "1994",
	PAGES = "xx+353",
	ISBN = "0-387-94087-1",
	MRCLASS = "55-01 (19Lxx 55-02 55Rxx 57R20 57R22)",
	MRNUMBER = "94k:55001",
	MRREVIEWER = "Jo{\v{z}}e Vrabec"
}

@Book{JamLie:RCG,
	author = "Gordon James and Martin Liebeck",
	title = "Representations and Characters of groups",
	publisher = "Cambridge Univ. Press",
	year = 1993
}

@Article{JoyStr:BTC,
	AUTHOR = "Andr{\'e} Joyal and Ross Street",
	title = "Braided tensor categories",
	journal = "Adv. in Math.",
	volume = 102,
	year = 1993,
	pages = "20--78"
}

@Article{JoyStr:GTCI,
	AUTHOR = "Andr{\'e} Joyal and Ross Street",
	TITLE = "The Geometry of Tensor Calculus, {I.}",
	JOURNAL = "Adv. in Math.",
	Pages = "55--112",
	volume = 88,
	year = 1991
}

@InProceedings{JoyStr:ITDQG,
	AUTHOR = "Andr{\'e} Joyal and Ross Street",
	title = "An introduction to {T}annaka duality and quantum groups",
	booktitle = "Category Theory (Proceedings, Como 1990)",
	pages = "412--492",
	series = "Lec. Notes in Math.",
	volume = 1488,
	editor = "A. Carboni and M. C. Pedicchio and G. Rosolini",
	year = 1991,
	publisher = "Springer"
}

@Article{JoyStr:TYBOTC,
	AUTHOR = "Andr{\'e} Joyal and Ross Street",
	TITLE = "Tortile {Yang-Baxter} Operators in Tensor Categories",
	JOURNAL = "J. Pure Appl. Algebra",
	VOLUME = 71,
	YEAR = 1991,
	PAGES = "43--51"
}

@Article{Kac:EGRG,
	author = "G. I. Kac",
	title = "Extensions of groups to ring groups",
	journal = "Math. USSR Sbornik",
	volume = 5,
	year = 1968,
	pages = "451--474"
}

@Article{Kad:HAHSE,
	author = "Lars Kadison",
	title = "Hopf algebroids and {H}-Separable extensions",
	journal = "preprint",
	year = 2002
}

@Article{KadNik:FEWHA,
	author = "Lars Kadison and Dimitri Nikshych",
	title = "Frobenius Extensions and weak {H}opf algebras",
	journal = "J. Algebra",
	volume = 244,
	year = 2001,
	pages = "312--342"
}

@Article{KadNik:HAASSEDT,
	author = "Lars Kadison and Dimitri Nikshych",
	title = "Hopf algebra actions on strongly separable extensions of depth two",
	journal = "Adv. Math.",
	volume = 163,
	year = 2001,
	pages = "258--286"
}

@Article{KadSzl:DBDTRE,
	author = "Lars Kadison and Korn{\'e}l Szlach{\'a}nyi",
	title = "Dual bialgebroids for depth two ring extensions",
	journal = "preprint",
	year = "math.RA/0108067"
}

@Booklet{Kap:B,
	author = "Irving Kaplansky",
	title = "Bialgebras",
	howpublished = "University of Chicago Lecture Notes",
	year = 1975
}

@InCollection{Kas:GPMHA,
	AUTHOR = "Yevgenia Kashina",
	TITLE = "A generalized power map for {H}opf algebras",
	BOOKTITLE = "Hopf algebras and quantum groups (Brussels, 1998)",
	SERIES = "Lecture Notes in Pure and Appl. Math.",
	VOLUME = "209",
	PAGES = "159--175",
	PUBLISHER = "Dekker",
	ADDRESS = "New York",
	YEAR = "2000",
	MRCLASS = "16W30",
	MRNUMBER = "2001d:16058",
	MRREVIEWER = "Juan Ramon Garc{\'i}a Rozas"
}

@Article{Kas:OAHAHHYD,
	AUTHOR = "Yevgenia Kashina",
	TITLE = "On the order of the antipode of {H}opf algebras in {${}\sp H\sb H{\rm YD}$}",
	JOURNAL = "Comm. Algebra",
	FJOURNAL = "Communications in Algebra",
	VOLUME = "27",
	YEAR = "1999",
	NUMBER = "3",
	PAGES = "1261--1273",
	ISSN = "0092-7872",
	CODEN = "COALDM",
	MRCLASS = "16W30",
	MRNUMBER = "99m:16060",
	MRREVIEWER = "Juan Ramon Garc{\'i}a Rozas"
}

@Book{Kas:QG,
	AUTHOR = {Kassel, Christian},
	TITLE = {Quantum groups},
	SERIES = {Graduate Texts in Mathematics},
	VOLUME = {155},
	PUBLISHER = {Springer-Verlag},
	ADDRESS = {New York},
	YEAR = {1995},
	PAGES = {xii+531},
	ISBN = {0-387-94370-6},
	MRCLASS = {17B37 (16W30 18D10 20F36 57M25 81R50)},
	MRNUMBER = {1321145 (96e:17041)},
	MRREVIEWER = {Yu. N. Bespalov},
	DOI = {10.1007/978-1-4612-0783-2},
	URL = {http://dx.doi.org/10.1007/978-1-4612-0783-2}
}

@InCollection{Kas:QPBHE,
	AUTHOR = "Christian Kassel",
	TITLE = "Quantum principal bundles up to homotopy equivalence",
	BOOKTITLE = "The legacy of Niels Henrik Abel",
	PAGES = "737--748",
	PUBLISHER = "Springer",
	ADDRESS = "Berlin",
	YEAR = "2004",
	MRCLASS = "16W30 (16W35)",
	MRNUMBER = "MR2077593 (2005f:16059)",
	MRREVIEWER = "Adriana Nenciu"
}

@Article{KasSch:HTHGE,
	author = "Christian Kassel and Hans-J{\"u}rgen Schneider",
	title = "Homotopy theory of {H}opf {G}alois extensions",
	journal = "Ann. Inst. Fourier",
	volume = 55,
	year = 2005,
	pages = "2521--2550"
}

@Article{KasSomZhu:HFSI,
	AUTHOR = "Yevgenia Kashina and Yorck Sommerh{\"a}user and Yongchang Zhu",
	TITLE = "On higher {F}robenius-{S}chur indicators",
	JOURNAL = "Mem. Amer. Math. Soc.",
	FJOURNAL = "Memoirs of the American Mathematical Society",
	VOLUME = "181",
	YEAR = "2006",
	NUMBER = "855",
	PAGES = "viii+65",
	ISSN = "0065-9266",
	CODEN = "MAMCAU",
	MRCLASS = "16W30 (17B35)",
	MRNUMBER = "MR2213320 (2007k:16071)",
	MRREVIEWER = "Ben Lewis Cox"
}

@Article{KasTur:DCMC,
	Author = "Christian Kassel and Vladimir Turaev",
	title = "Double Construction for Monoidal Categories",
	journal = "Acta Math.",
	year = "to appear"
}

@ARTICLE{2017arXiv170806583K,
   author = {{Keilberg}, M.},
    title = "{Applications of quasitriangular structures for the doubles of purely non-abelian groups}",
  journal = {ArXiv e-prints},
archivePrefix = "arXiv",
   eprint = {1708.06583},
 primaryClass = "math.QA",
 keywords = {Mathematics - Quantum Algebra, Mathematics - Category Theory, Mathematics - Rings and Algebras, Mathematics - Representation Theory, 16T25, 16T05, 20D99},
     year = 2017,
    month = aug,
   adsurl = {http://adsabs.harvard.edu/abs/2017arXiv170806583K},
  adsnote = {Provided by the SAO/NASA Astrophysics Data System}
}





@Article{Kho:TOHARFT,
	author = "Tanya Khovanova",
	title = "Tetramodules over the {Hopf} algebra of regular functions on a torus",
	year = 1994,
	journal = "Preprint"
}

@Book{KliSch:QGR,
	AUTHOR = "Anatoli Klimyk and Konrad Schm{\"u}dgen",
	TITLE = "Quantum groups and their representations",
	SERIES = "Texts and Monographs in Physics",
	PUBLISHER = "Springer-Verlag",
	ADDRESS = "Berlin",
	YEAR = "1997",
	PAGES = "xx+552",
	ISBN = "3-540-63452-5",
	MRCLASS = "17B37 (16W30 17B81 46L87 58B30 81R50)",
	MRNUMBER = "99f:17017",
	MRREVIEWER = "Ian M. Musson"
}

@Book{KnuOja:TDAA,
	AUTHOR = "Max-Albert Knus and Manuel Ojanguren",
	TITLE = "Th{\'e}orie de la descente et alg{\`e}bres d'{A}zumaya",
	NOTE = "Lecture Notes in Mathematics, Vol. 389",
	PUBLISHER = "Springer-Verlag",
	ADDRESS = "Berlin",
	YEAR = "1974",
	PAGES = "iv+163",
	MRCLASS = "13A20 (16A10)",
	MRNUMBER = "54 \#5209",
	MRREVIEWER = "F. DeMeyer"
}

@Book{KobNomI,
	AUTHOR = "S. Kobayashi and K. Nomizu",
	TITLE = "Foundations of Differential Geometry, Vol.1",
	YEAR = 1963,
	PUBLISHER = "Wiley",
	ADDRESS = "New York"
}

@Book{KobNomII,
	AUTHOR = "S. Kobayashi and K. Nomizu",
	TITLE = "Foundations of Differential Geometry, Vol.2",
	YEAR = 1969,
	PUBLISHER = "Wiley",
	ADDRESS = "New York"
}

@Article{Koo:AWPZSFSU2QG,
	AUTHOR = "Tom H. Koornwinder",
	TITLE = "Askey-{W}ilson polynomials as zonal spherical functions on the {${\rm SU}(2)$} quantum group",
	JOURNAL = "SIAM J. Math. Anal.",
	FJOURNAL = "SIAM Journal on Mathematical Analysis",
	VOLUME = "24",
	YEAR = "1993",
	NUMBER = "3",
	PAGES = "795--813",
	ISSN = "0036-1410",
	CODEN = "SJMAAH",
	MRCLASS = "33D45 (17B37 33D80)",
	MRNUMBER = "94k:33042"
}

@Article{Kop:CSHAFISP,
	AUTHOR = "M. Koppinen",
	TITLE = "Coideal subalgebras in {H}opf algebras: freeness, integrals, smash products",
	JOURNAL = "Comm. Algebra",
	FJOURNAL = "Communications in Algebra",
	VOLUME = "21",
	YEAR = "1993",
	NUMBER = "2",
	PAGES = "427--444",
	ISSN = "0092-7872",
	CODEN = "COALDM",
	MRCLASS = "16W30",
	MRNUMBER = "93j:16029",
	MRREVIEWER = "Cao Yu Chen"
}

@Article{Kop:SNTCM,
	author = "M. Koppinen",
	title = "A {S}kolem-{N}oether theorem for coalgebra measurings",
	journal = "Arch. Math.",
	volume = 57,
	year = 1991,
	pages = "34--40"
}

@Article{Kop:VSPAGGR,
	author = "M. Koppinen",
	title = "Variations on the smash product with applications to group-graded rings",
	journal = "J. Pure Appl. Algebra",
	volume = 104,
	pages = "61--80",
	year = 1995
}

@Article{Kre:HGTTPHA,
	author = "H. F. Kreimer",
	title = "Hopf-{G}alois theory and tensor products of {H}opf algebras",
	journal = "Comm. in Alg.",
	volume = 23,
	pages = "4009--4030",
	year = 1995
}

@Article{KreCoo:GTNB,
	author = "H. F. Kreimer and P. M. {Cook II}",
	title = "Galois Theories and Normal Bases",
	Journal = "J. Algebra",
	year = 1976,
	volume = 43,
	pages = "115--121"
}

@Article{KreTak:HAGEA,
	author = "H. F. Kreimer and M. Takeuchi",
	title = "Hopf Algebras and {G}alois Extensions of an Algebra",
	journal = "Indiana Univ. Math. J.",
	year = 1981,
	volume = 30,
	pages = "675--692"
}

@Book{Lam:LMR,
	author = "T. Y. Lam",
	title = "Lectures on modules and rings",
	publisher = "Springer",
	series = "GTM",
	volume = 189,
	year = 1998
}

@Article{LamRad,
	AUTHOR = "L. A. Lambe and D. E. Radford",
	TITLE = "Algebraic Aspects of the Quantum {Y}ang-{B}axter Equation",
	JOURNAL = "J. Algebra",
	YEAR = 1993,
	PAGES = "228--288",
	VOLUME = 154
}

@Article{LarRad:FDCHAC0S,
	AUTHOR = "Richard G. Larson and David E. Radford",
	TITLE = "Finite-dimensional cosemisimple {H}opf algebras in characteristic {$0$} are semisimple",
	JOURNAL = "J. Algebra",
	FJOURNAL = "Journal of Algebra",
	VOLUME = "117",
	YEAR = "1988",
	NUMBER = "2",
	PAGES = "267--289",
	ISSN = "0021-8693",
	CODEN = "JALGA4",
	MRCLASS = "16A24",
	MRNUMBER = "89k:16016",
	MRREVIEWER = "E. J. Taft"
}

@Article{LarRad:SCHA,
	AUTHOR = "Richard G. Larson and David E. Radford",
	TITLE = "Semisimple cosemisimple {H}opf algebras",
	JOURNAL = "Amer. J. Math.",
	FJOURNAL = "American Journal of Mathematics",
	VOLUME = "110",
	YEAR = "1988",
	NUMBER = "1",
	PAGES = "187--195",
	ISSN = "0002-9327",
	CODEN = "AJMAAN",
	MRCLASS = "16A24",
	MRNUMBER = "89a:16011",
	MRREVIEWER = "E. J. Taft"
}

@Article{LarRad:SHA,
	AUTHOR = "Richard G. Larson and David E. Radford",
	TITLE = "Semisimple {H}opf algebras",
	JOURNAL = "J. Algebra",
	FJOURNAL = "Journal of Algebra",
	VOLUME = "171",
	YEAR = "1995",
	NUMBER = "1",
	PAGES = "5--35",
	ISSN = "0021-8693",
	CODEN = "JALGA4",
	MRCLASS = "16W30 (16K20)",
	MRNUMBER = "96a:16040",
	MRREVIEWER = "Stefaan Caenepeel"
}

@Article{LarSwe:AOBFHA,
	AUTHOR = "Richard Gustavus Larson and Moss Eisenberg Sweedler",
	TITLE = "An associative orthogonal bilinear form for {H}opf algebras",
	JOURNAL = "Amer. J. Math.",
	VOLUME = "91",
	YEAR = "1969",
	PAGES = "75--94",
	MRCLASS = "18.20 (16.00)",
	MRNUMBER = "39 \#1523",
	MRREVIEWER = "K.-T. Chen"
}

@Article{Laz:AP,
	AUTHOR = "D. Lazard",
	TITLE = "Autour de la platitude",
	JOURNAL = "Bull. Soc. Math. France",
	YEAR = "1969",
	PAGES = "81--128",
	VOLUME = "97"
}

@Article{Let:NCHAEFMQG,
	AUTHOR = "Edward S. Letzter",
	TITLE = "Noetherian centralizing {H}opf algebra extensions and finite morphisms of quantum groups",
	JOURNAL = "Bull. London Math. Soc.",
	FJOURNAL = "The Bulletin of the London Mathematical Society",
	VOLUME = "31",
	YEAR = "1999",
	NUMBER = "5",
	PAGES = "523--530",
	ISSN = "0024-6093",
	CODEN = "LMSBBT",
	MRCLASS = "16W30 (16W35)",
	MRNUMBER = "2000i:16083",
	MRREVIEWER = "Sergei Spirin"
}

@Article{LinMon:FSTHA,
	author = "Vitali Linchenko and Susan Montgomery",
	title = "A {F}robenius-{S}chur Theorem for {H}opf algebras",
	journal = "Alg. Rep. Theory",
	volume = 3,
	year = 2000,
	pages = "347--355"
}

@Article{Lu:HAQG,
	AUTHOR = "Jiang-Hua Lu",
	TITLE = "Hopf algebroids and quantum groupoids",
	journal = "Int. J. Math.",
	year = "1996",
	volume = 7,
	pages = "47--70"
}

@Book{Lus:IQG,
	author = "George Lusztig",
	title = "Introduction to Quantum Groups",
	publisher = "Birkh{\"a}user",
	year = 1993,
	series = "Progress in Mathematics",
	volume = 110,
	address = "Boston, Basel, Berlin"
}

@Article{Lus:QGR1,
	AUTHOR = "George Lusztig",
	TITLE = "Quantum groups at roots of {$1$}",
	JOURNAL = "Geom. Dedicata",
	FJOURNAL = "Geometriae Dedicata",
	VOLUME = "35",
	YEAR = "1990",
	NUMBER = "1-3",
	PAGES = "89--113",
	ISSN = "0046-5755",
	CODEN = "GEMDAT",
	MRCLASS = "17B37 (20G99)",
	MRNUMBER = "91j:17018",
	MRREVIEWER = "Toshiyuki Tanisaki"
}

@Article{Lyu:HAVS,
	author = "V. Lyubashenko",
	title = "Hopf algebras and vector symmetries",
	journal = "Russ. Math. Surveys",
	year = 1988,
	volume = 41,
	pages = "153--154"
}

@book{MR2941565,
	AUTHOR = {Keilberg, Marc},
	TITLE = {Higher indicators for some groups and their doubles},
	NOTE = {Thesis (Ph.D.)--University of Southern California},
	PUBLISHER = {ProQuest LLC, Ann Arbor, MI},
	YEAR = {2010},
	PAGES = {97},
	ISBN = {978-1124-16082-5},
	MRCLASS = {Thesis},
	MRNUMBER = {2941565},
	URL = {http://gateway.proquest.com/openurl?url_ver=Z39.88-2004&rft_val_fmt=info:ofi/fmt:kev:mtx:dissertation&res_dat=xri:pqdiss&rft_dat=xri:pqdiss:3418080}
}

@Book{MR30:2028,
	AUTHOR = "I. N. Herstein",
	TITLE = "Topics in algebra",
	PUBLISHER = "Blaisdell Publishing Co. Ginn and Co.\, New York-Toronto-London",
	YEAR = "1964",
	PAGES = "viii+342",
	MRCLASS = "00.00 (12.00)",
	MRNUMBER = "30 \#2028",
	MRREVIEWER = "D. Zelinsky"
}

@Book{MR50:9456,
	AUTHOR = "I. N. Herstein",
	TITLE = "Topics in algebra",
	EDITION = "Second",
	PUBLISHER = "Xerox College Publishing",
	ADDRESS = "Lexington, Mass.",
	YEAR = "1975",
	PAGES = "xi+388",
	MRCLASS = "00A05",
	MRNUMBER = "50 \#9456"
}

@Book{Mac:CWM,
	AUTHOR = "Saunders {Mac Lane}",
	TITLE = "Categories for the working mathematician",
	SERIES = "Graduate Texts in Mathematics",
	VOLUME = "5",
	EDITION = "Second",
	PUBLISHER = "Springer-Verlag",
	ADDRESS = "New York",
	YEAR = "1998",
	PAGES = "xii+314",
	ISBN = "0-387-98403-8",
	MRCLASS = "18-02",
	MRNUMBER = "2001j:18001"
}

@Book{Mac:H,
	AUTHOR = "Saunders {Mac Lane}",
	TITLE = "Homology",
	PUBLISHER = "Springer",
	YEAR = "1963",
	SERIES = "Die Grundlehren der Mathematischen Wissenschaften in Einzeldarstellungen",
	VOLUME = "114",
	ADDRESS = "Berlin, G{\"o}ttingen, Heidelberg"
}

@Article{Mac:NAC,
	AUTHOR = "Saunders {Mac Lane}",
	TITLE = "Natural associativity and commutativity",
	JOURNAL = "Rice Univ. Studies",
	VOLUME = 49,
	YEAR = 1963,
	PAGES = "28--46"
}

@Book{MacLane,
	AUTHOR = "Saunders {Mac Lane}",
	TITLE = "Kategorien --- Begriffssprache und Mathematische Theorie",
	YEAR = "1972",
	PUBLISHER = "Springer",
	ADDRESS = "Berlin, u.a."
}

@InCollection{Maj:AHABC,
	author = "Shahn Majid",
	title = "Algebras and {H}opf algebras in braided categories",
	booktitle = "Advances in {H}opf Algebras",
	editor = "Jeffrey Bergen and Susan Montgomery",
	pages = "55--105",
	year = 1994,
	publisher = "Marcel Dekker Inc."
}

@Article{Maj:BG,
	AUTHOR = "Shahn Majid",
	TITLE = "Braided groups",
	JOURNAL = "J. Pure Appl. Algebra",
	FJOURNAL = "Journal of Pure and Applied Algebra",
	VOLUME = "86",
	YEAR = "1993",
	NUMBER = "2",
	PAGES = "187--221",
	ISSN = "0022-4049",
	CODEN = "JPAAA2",
	MRCLASS = "18D10 (16W30)",
	MRNUMBER = "94d:18011",
	MRREVIEWER = "Marek Golasi{\'n}ski"
}

@Article{Maj:BMSSAQLG,
	author = "Shahn Majid",
	title = "Braided matrix structure of the {Sklyanin} algebra and of the quantum {Lorentz} group",
	journal = "Comm. Math. Phys.",
	year = 1993,
	volume = 156,
	pages = "607--638"
}

@Article{Maj:DBBGCU,
	author = "Shahn Majid",
	title = "Double-bosonisation of braided groups and the construction of ${U}_q(g)$",
	journal = "Math. Proc. Cambridge Phil. Soc.",
	year = "1999",
	pages = "151--192",
	volume = "125"
}

@Book{Maj:FQGT,
	author = "S. Majid",
	title = "Foundations of quantum group theory",
	year = 1995,
	publisher = "Cambridge Univ. Press"
}

@Article{Maj:PANCNCHABC,
	author = "S. Majid",
	title = "Physics for algebraists: {N}on-commutative and non-cocommutative {H}opf algebras by a bicrossproduct construction",
	journal = "J. Algebra",
	volume = 130,
	year = 1990,
	pages = "17--64"
}

@Article{Maj:QDQHA,
	author = "S. Majid",
	title = "Quantum double for quasi-{H}opf algebras",
	journal = "Lett. Math. Phys.",
	volume = 45,
	year = 1998,
	pages = "1--9"
}

@inproceedings{Maj:RDQDMC,
	AUTHOR = {Majid, Shahn},
	TITLE = {Representations, duals and quantum doubles of monoidal
              categories},
	BOOKTITLE = {Proceedings of the {W}inter {S}chool on {G}eometry and
              {P}hysics ({S}rni, 1990)},
	JOURNAL = {Rend. Circ. Mat. Palermo (2) Suppl.},
	FJOURNAL = {Rendiconti del Circolo Matematico di Palermo. Serie II.
              Supplemento},
	NUMBER = {26},
	YEAR = {1991},
	PAGES = {197--206},
	MRCLASS = {18D10},
	MRNUMBER = {1151906 (93c:18008)},
	MRREVIEWER = {Dmitri{\u\i} I. Gurevich}
}

@InProceedings{Maj:TKTQHAOR,
	author = "Shahn Majid",
	title = "Tannaka-{K}rein theorem for quasi-{H}opf algebras",
	booktitle = "Deformation theory and quantum groups with applications to mathematical physics (Amherst, MA, 1990)",
	pages = "219--232",
	series = "Contemp. Math.",
	volume = 134,
	editor = "M. Gerstenhaber and J. Stasheff",
	year = 1992,
	publisher = "AMS"
}

@Article{Mal:GQ,
	author = "Georges Maltsiniotis",
	title = "Groupo{\"\i}des quantiques",
	journal = "C. R. Acad. Sci. Paris",
	volume = 314,
	pages = "249--252",
	year = 1992
}

@Article{Mal:LEGQ,
	AUTHOR = "Georges Maltsiniotis",
	TITLE = "Le Langage des Espaces et des Groupes Quantiques",
	YEAR = 1993,
	JOURNAL = "Comm. Math. Phys.",
	VOLUME = 151,
	PAGES = "275--302"
}

@Article{Man:NQGQdRC,
	AUTHOR = "{Yu}.~I.~Manin",
	TITLE = "Notes on Quantum Groups and Quantum de~{R}ham Complexes",
	JOURNAL = "Th. and Math. Phys.",
	YEAR = 1992,
	volume = 92,
	pages = "997--1019"
}

@Book{Man:QGNG,
	AUTHOR = "Yuri I. Manin",
	TITLE = "Quantum Groups and Non-Commutative Geometry",
	year = 1988,
	PUBLISHER = "Les Publications CRM",
	address = "Universit{\'e} de Montr{\'e}al"
}

@Book{Man:TNG,
	AUTHOR = "Yuri I. Manin",
	TITLE = "Topics in Noncommutative Geometry",
	YEAR = 1991,
	PUBLISHER = "Princeton University Press"
}

@Article{Mas:CCBEAMPB,
	author = "Akira Masuoka",
	title = "Cohomology and coquasi-bialgebra extensions associated to a matched pair of bialgebras",
	journal = "Adv. Math.",
	year = "to appear"
}

@InCollection{Mas:CDGOSCHAFD,
	AUTHOR = "Akira Masuoka",
	TITLE = "Cocycle deformations and {G}alois objects for some cosemisimple {H}opf algebras of finite dimension",
	BOOKTITLE = "New trends in Hopf algebra theory (La Falda, 1999)",
	PAGES = "195--214",
	PUBLISHER = "Amer. Math. Soc.",
	ADDRESS = "Providence, RI",
	YEAR = "2000",
	MRCLASS = "16W30 (18D10)",
	MRNUMBER = "2001i:16069",
	MRREVIEWER = "George Szeto"
}

@Article{Mas:CEHAGNPE,
	author = "Akira Masuoka",
	title = "Cleft extensions for a {H}opf algebra generated by a nearly primitive element",
	journal = "Comm. in Alg.",
	volume = 22,
	pages = "4537--4559",
	year = 1994
}

@Article{Mas:CSGHAE,
	AUTHOR = "Akira Masuoka",
	TITLE = "Calculations of some groups of {H}opf algebra extensions",
	JOURNAL = "J. Algebra",
	FJOURNAL = "Journal of Algebra",
	VOLUME = "191",
	YEAR = "1997",
	NUMBER = "2",
	PAGES = "568--588",
	ISSN = "0021-8693",
	CODEN = "JALGA4",
	MRCLASS = "16W30 (16S40 20J10)",
	MRNUMBER = "MR1448809 (98i:16042)",
	MRREVIEWER = "Bodo Pareigis"
}

@Article{Mas:DNKC,
	AUTHOR = "Akira Masuoka",
	TITLE = "Defending the negated {K}aplansky conjecture",
	JOURNAL = "Proc. Amer. Math. Soc.",
	FJOURNAL = "Proceedings of the American Mathematical Society",
	VOLUME = "129",
	YEAR = "2001",
	NUMBER = "11",
	PAGES = "3185--3192",
	ISSN = "0002-9939",
	CODEN = "PAMYAR",
	MRCLASS = "16W30",
	MRNUMBER = "1 844 991"
}

@Article{Mas:EHALB,
	author = "Akira Masuoka",
	title = "Extensions of {H}opf algebras and {L}ie bialgebras",
	journal = "Trans. AMS",
	year = 2000,
	volume = 352,
	pages = "3837--3879"
}

@Article{Mas:FFFCHAE,
	AUTHOR = "Akira Masuoka",
	TITLE = "Faithfully flat forms and cohomology of {H}opf algebra extensions",
	JOURNAL = "Comm. Algebra",
	FJOURNAL = "Communications in Algebra",
	VOLUME = "25",
	YEAR = "1997",
	NUMBER = "4",
	PAGES = "1169--1197",
	ISSN = "0092-7872",
	CODEN = "COALDM",
	MRCLASS = "16W30 (16E99)",
	MRNUMBER = "MR1437667 (98b:16034)",
	MRREVIEWER = "Mitsuhiro Takeuchi"
}

@Article{Mas:HACC,
	author = "Akira Masuoka",
	title = "On {H}opf algebras with cocommutative coradicals",
	journal = "J. Algebra",
	volume = 144,
	pages = "415--466",
	year = 1991
}

@InCollection{Mas:HAEC,
	AUTHOR = "Akira Masuoka",
	TITLE = "Hopf algebra extensions and cohomology",
	BOOKTITLE = "New directions in Hopf algebras",
	SERIES = "Math. Sci. Res. Inst. Publ.",
	VOLUME = "43",
	PAGES = "167--209",
	PUBLISHER = "Cambridge Univ. Press",
	ADDRESS = "Cambridge",
	YEAR = "2002",
	MRCLASS = "16W30 (16Exx)",
	MRNUMBER = "1 913 439"
}

@InCollection{Mas:QTHA,
	author = "Akira Masuoka",
	title = "Quotient Theory of {H}opf Algebras",
	booktitle = "Advances in {H}opf Algebras",
	editor = "Jeffrey Bergen and Susan Montgomery",
	pages = "107--133",
	year = 1994,
	publisher = "Marcel Dekker Inc."
}

@Misc{Mas:mr,
	author = "Akira Masuoka",
	title = "Review on \cite{Brz:MACGE}",
	howpublished = "Math. Review 2000c:16047"
}

@Article{MasDoi:GCCA,
	author = "Akira Masuoka and Yukio Doi",
	title = "Generalization of Cleft Comodule Algebras",
	journal = "Comm. in Alg.",
	volume = 20,
	year = 1992,
	pages = "3703--3721"
}

@Article{MasNg:CIFSISQHA,
	author = "Geoffrey Mason and Siu-Hung Ng",
	title = "Central Invariants and {F}robenius-{S}chur Indicators for Semisimple Quasi-{H}opf Algebras",
	journal = "Adv. Math.",
	year = "2005",
	pages = "161--195",
	volume = 190
}

@Article{MasWig:FFHA,
	author = "Akira Masuoka and David Wigner",
	title = "Faithful flatness of {H}opf algebras",
	journal = "J. Algebra",
	volume = 170,
	pages = "156--164",
	year = 1994
}

@Book{Mat:CRT,
	AUTHOR = "Hideyuki Matsumura",
	TITLE = "Commutative ring theory",
	SERIES = "Cambridge Studies in Advanced Mathematics",
	VOLUME = "8",
	EDITION = "Second",
	NOTE = "Translated from the Japanese by M. Reid",
	PUBLISHER = "Cambridge University Press",
	ADDRESS = "Cambridge",
	YEAR = "1989",
	PAGES = "xiv+320",
	ISBN = "0-521-36764-6",
	MRCLASS = "13-01",
	MRNUMBER = "90i:13001"
}

@Article{Mat:GRGWG,
	AUTHOR = "H. Matsumoto",
	TITLE = "G{\'e}n{\'e}rateurs et relations des groupes de {Weyl} g{\'e}n{\'e}ralis{\'e}s",
	YEAR = 1964,
	JOURNAL = "C. R. Acad. Sci. Paris",
	VOLUME = 258,
	PAGES = "3419--3422"
}

@Article{Mat:NCTDS,
	author = "Kengo Matsumoto",
	title = "Noncommutative three-dimensional spheres",
	year = 1991,
	journal = "Japan J. Math",
	volume = 17,
	pages = "333--356"
}

@Article{Mat:NCTDSII:NCHF,
	author = "Kengo Matsumoto",
	title = "Noncommutative three-dimensional spheres {II}: Noncommutative {H}opf fibration",
	journal = "Yokohama Math. J.",
	volume = 38,
	pages = "103--111",
	year = 1991
}

@Article{Men:FBCGMA,
	author = "Claudia Menini",
	title = "Functors between categories of graded modules. Applications",
	journal = "Bull. Belg. Math. Soc.",
	volume = "45B",
	year = 1993,
	pages = "297--316"
}

@PhDThesis{Mil:OPHPA,
	title = "Operationen punktierter {H}opfalgebren auf primen {A}lgebren",
	author = "Alexander Milinski",
	year = 1995,
	school = "Universit{\"a}t M{\"u}nchen"
}

@Article{MilMoo,
	AUTHOR = "John W. Milnor and John C. Moore",
	TITLE = "On the Structure of {H}opf Algebras",
	JOURNAL = "Ann. of Math.",
	VOLUME = 81,
	YEAR = 1965,
	PAGES = "211--264"
}

@book{Mit:TC,
	AUTHOR = {Mitchell, Barry},
	TITLE = {Theory of categories},
	SERIES = {Pure and Applied Mathematics, Vol. XVII},
	PUBLISHER = {Academic Press},
	ADDRESS = {New York},
	YEAR = {1965},
	PAGES = {xi+273},
	MRCLASS = {18.00},
	MRNUMBER = {0202787 (34 \#2647)},
	MRREVIEWER = {F. E. J. Linton}
}

@Article{Mon:BAHA,
	author = "Susan Montgomery",
	title = "Biinvertible actions of {H}opf algebras",
	journal = "Israel J. Math.",
	volume = 83,
	year = 1993,
	pages = "45--71"
}

@InProceedings{Mon:CFDSHA,
	author = "S. Montgomery",
	title = "Classifying finite-dimensional semisimple {H}opf algebras",
	booktitle = "Trends in the representation theory of finite dimensional algebras",
	editor = "E. L. Green and B. Huisgen-Zimmermann",
	series = "Contemp. Math.",
	volume = 229,
	year = 1998,
	publisher = "AMS"
}

@Book{Mon:HAAR,
	AUTHOR = "Susan Montgomery",
	title = "Hopf algebras and their actions on rings",
	year = 1993,
	series = "CBMS Regional Conference Series in Mathematics",
	volume = 82,
	publisher = "AMS",
	address = "Providence, Rhode Island"
}

@Article{Mon:ICSCPHA,
	author = "Susan Montgomery",
	title = "Indecomposable coalgebras, simple comodules, and pointed {H}opf algebras",
	journal = "Proc. AMS",
	volume = 123,
	year = 1995,
	pages = "2343--2351"
}

@Article{MonSch:HCPRQPI,
	author = "S. Montgomery and H.-J. Schneider",
	title = "{H}opf Crossed Products, Rings of Quotients, and Prime Ideals",
	journal = "Adv. in Math.",
	volume = 112,
	year = 1995,
	pages = "1--55"
}

@Article{MonSch:KRHGELT,
	AUTHOR = "S. Montgomery and H.-J. Schneider",
	TITLE = "Krull relations in {H}opf {G}alois extensions: Lifting and twisting",
	JOURNAL = "J. Algebra",
	Volume = 288,
	pages = "364--383",
	year = 2005
}

@Article{MonSch:PIHGE,
	AUTHOR = "S. Montgomery and H.-J. Schneider",
	TITLE = "Prime ideals in {H}opf {G}alois extensions",
	JOURNAL = "Israel J. Math.",
	FJOURNAL = "Israel Journal of Mathematics",
	VOLUME = "112",
	YEAR = "1999",
	PAGES = "187--235",
	ISSN = "0021-2172",
	CODEN = "ISJMAP",
	MRCLASS = "16W30 (16W35 81R50)",
	MRNUMBER = "2001e:16075",
	MRREVIEWER = "Edward S. Letzter"
}

@Article{MooSei:CQCFT,
	AUTHOR = "Gregory Moore and Nathan Seiberg",
	TITLE = "Classical and quantum conformal field theory",
	JOURNAL = "Comm. Math. Phys.",
	FJOURNAL = "Communications in Mathematical Physics",
	VOLUME = "123",
	YEAR = "1989",
	NUMBER = "2",
	PAGES = "177--254",
	ISSN = "0010-3616",
	CODEN = "CMPHAY",
	MRCLASS = "81E99 (22E70 81E40)",
	MRNUMBER = "MR1002038 (90e:81216)",
	MRREVIEWER = "Philippe Christe"
}

@Article{Mue:CSQPB,
	AUTHOR = "Andreas M{\"u}ller",
	TITLE = "Classifying spaces for quantum principal bundles",
	JOURNAL = "Comm. Math. Phys.",
	VOLUME = 149,
	YEAR = 1992,
	PAGES = "495--512"
}

@Article{Mue:FSQGLG,
	AUTHOR = "Eric M{\"u}ller",
	TITLE = "Finite subgroups of the quantum general linear group",
	JOURNAL = "Proc. London Math. Soc. (3)",
	FJOURNAL = "Proceedings of the London Mathematical Society. Third Series",
	VOLUME = "81",
	YEAR = "2000",
	NUMBER = "1",
	PAGES = "190--210",
	ISSN = "0024-6115",
	CODEN = "PLMTAL",
	MRCLASS = "20G42",
	MRNUMBER = "2001g:20061",
	MRREVIEWER = "Nicol{\'a}s Andruskiewitsch"
}

@Article{MueSch:QHSFFMS,
	AUTHOR = "E. F. M{\"u}ller and H.-J. Schneider",
	TITLE = "Quantum homogeneous spaces with faithfully flat module structures",
	JOURNAL = "Israel J. Math.",
	FJOURNAL = "Israel Journal of Mathematics",
	VOLUME = "111",
	YEAR = "1999",
	PAGES = "157--190",
	ISSN = "0021-2172",
	CODEN = "ISJMAP",
	MRCLASS = "16W35 (16W30)",
	MRNUMBER = "2000i:16086",
	MRREVIEWER = "Akira Masuoka"
}

@Article{Muk:QdRC,
	author = "E. E. Mukhin",
	title = "Quantum de {Rham} Complexes",
	journal = "Comm. in Alg.",
	volume = 22,
	year = 1994,
	pages = "451--498"
}

@Book{MumFog:GIT,
	AUTHOR = "D. Mumford and J. Fogarty",
	TITLE = "Geometric Invariant Theory",
	YEAR = 1982,
	PUBLISHER = "Springer",
	ADDRESS = "Berlin, Heidelberg, New York"
}

@Book{NasOys:GRT,
	AUTHOR = "C. N\u{a}st\u{a}sescu and F. {Van Oystaeyen}",
	TITLE = "Graded Ring Theory",
	YEAR = 1982,
	PUBLISHER = "North-Holland",
	ADDRESS = "Amsterdam, New York, Oxford",
	SERIES = "Mathematical Library",
	VOLUME = 28
}

@Article{Nat:FSICFC,
	AUTHOR = {Natale, Sonia},
	TITLE = {Frobenius-{S}chur indicators for a class of fusion categories},
	JOURNAL = {Pacific J. Math.},
	FJOURNAL = {Pacific Journal of Mathematics},
	VOLUME = {221},
	YEAR = {2005},
	NUMBER = {2},
	PAGES = {353--377},
	ISSN = {0030-8730},
	CODEN = {PJMAAI},
	MRCLASS = {16W30 (18D10)},
	MRNUMBER = {2196640 (2007j:16070)},
	MRREVIEWER = {Gabriella B{\"o}hm},
	DOI = {10.2140/pjm.2005.221.353},
	URL = {http://dx.doi.org/10.2140/pjm.2005.221.353}
}

@Article{Nat:GTHAEFFG,
	AUTHOR = "Sonia Natale",
	TITLE = "On group theoretical {H}opf algebras and exact factorizations of finite groups",
	JOURNAL = "J. Algebra",
	FJOURNAL = "Journal of Algebra",
	VOLUME = "270",
	YEAR = "2003",
	NUMBER = "1",
	PAGES = "199--211",
	ISSN = "0021-8693",
	CODEN = "JALGA4",
	MRCLASS = "16W30 (20D99)",
	MRNUMBER = "MR2016657 (2004k:16102)",
	MRREVIEWER = "Sorin D\u{a}sc\u{a}lescu"
}

@Article{Nat:HAD12,
	AUTHOR = "Sonia Natale",
	TITLE = "Hopf algebras of dimension 12",
	JOURNAL = "Algebr. Represent. Theory",
	FJOURNAL = "Algebras and Representation Theory",
	VOLUME = "5",
	YEAR = "2002",
	NUMBER = "5",
	PAGES = "445--455",
	ISSN = "1386-923X",
	CODEN = "ARTHF4",
	MRCLASS = "16W30",
	MRNUMBER = "MR1935855 (2003i:16055)",
	MRREVIEWER = "Akira Masuoka"
}

@Article{Nat:SHADpq2,
	AUTHOR = "Sonia Natale",
	TITLE = "On semisimple {H}opf algebras of dimension {$pq\sp 2$}",
	JOURNAL = "J. Algebra",
	FJOURNAL = "Journal of Algebra",
	VOLUME = "221",
	YEAR = "1999",
	NUMBER = "1",
	PAGES = "242--278",
	ISSN = "0021-8693",
	CODEN = "JALGA4",
	MRCLASS = "16W30",
	MRNUMBER = "MR1722912 (2000k:16050)",
	MRREVIEWER = "Akira Masuoka"
}

@Article{Nat:SHADpq2II,
	AUTHOR = "Sonia Natale",
	TITLE = "On semisimple {H}opf algebras of dimension {$pq\sp 2$}. {II}",
	JOURNAL = "Algebr. Represent. Theory",
	FJOURNAL = "Algebras and Representation Theory",
	VOLUME = "4",
	YEAR = "2001",
	NUMBER = "3",
	PAGES = "277--291",
	ISSN = "1386-923X",
	CODEN = "ARTHF4",
	MRCLASS = "16W30",
	MRNUMBER = "MR1852000 (2002i:16055)",
	MRREVIEWER = "Akira Masuoka"
}

@Article{Nat:SHADpqr,
	AUTHOR = "Sonia Natale",
	TITLE = "On semisimple {H}opf algebras of dimension {$pq\sp r$}",
	JOURNAL = "Algebr. Represent. Theory",
	FJOURNAL = "Algebras and Representation Theory",
	VOLUME = "7",
	YEAR = "2004",
	NUMBER = "2",
	PAGES = "173--188",
	ISSN = "1386-923X",
	CODEN = "ARTHF4",
	MRCLASS = "16W30",
	MRNUMBER = "MR2063008 (2005c:16057)",
	MRREVIEWER = "Shuan Hong Wang"
}

@Article{Nat:SHALD,
	AUTHOR = "Sonia Natale",
	TITLE = "On semisimple {H}opf algebras of low dimension",
	NOTE = "Th{\'e}ories d'homologie, repr{\'e}sentations et alg{\`e}bres de Hopf",
	JOURNAL = "AMA Algebra Montp. Announc.",
	FJOURNAL = "AMA. Algebra Montpellier Announcements",
	YEAR = "2003",
	PAGES = "Paper 6, 6 pp. (electronic)",
	MRCLASS = "16W30",
	MRNUMBER = "MR2065449"
}

@Article{Nic:QHA,
	author = "Warren D. Nichols",
	title = "Quotients of {H}opf algebras",
	journal = "Comm. Algebra",
	volume = 6,
	year = 1978,
	pages = "1789--1800"
}

@Article{NicRic:FIDHA,
	author = "Warren D. Nichols and M. B. Richmond",
	title = "Freeness of infinite dimensional {H}opf algebras",
	journal = "Comm. Algebra",
	volume = 20,
	year = 1992,
	pages = "1489--1492"
}

@Article{NicZoe:HAFT,
	author = "Warren D. Nichols and M. B. Zoeller",
	title = "A {H}opf algebra freeness theorem",
	journal = "Amer. J. Math.",
	volume = 111,
	year = 1989,
	pages = "381--385"
}

@Article{Nik:SWHA,
	AUTHOR = "Dmitri Nikshych",
	TITLE = "On the structure of weak {H}opf algebras",
	JOURNAL = "Adv. Math.",
	FJOURNAL = "Advances in Mathematics",
	VOLUME = "170",
	YEAR = "2002",
	NUMBER = "2",
	PAGES = "257--286",
	ISSN = "0001-8708",
	CODEN = "ADMTA4",
	MRCLASS = "16W30",
	MRNUMBER = "2003f:16063",
	MRREVIEWER = "E. J. Taft",
	note = "math.QA/0106010"
}

@InCollection{NikVai:AVFDQG,
	AUTHOR = "Dmitri Nikshych and Leonid Vainerman",
	TITLE = "Algebraic versions of a finite-dimensional quantum groupoid",
	BOOKTITLE = "Hopf algebras and quantum groups (Brussels, 1998)",
	PAGES = "189--220",
	PUBLISHER = "Dekker",
	ADDRESS = "New York",
	YEAR = "2000",
	MRCLASS = "46Lxx (16Wxx)",
	MRNUMBER = "1 763 613"
}

@Article{NikVai:CD2SII1F,
	AUTHOR = "Dmitri Nikshych and Leonid Vainerman",
	TITLE = "A characterization of depth 2 subfactors of ${\rm {I}{I}}\sb 1$ factors",
	JOURNAL = "J. Funct. Anal.",
	FJOURNAL = "Journal of Functional Analysis",
	VOLUME = "171",
	YEAR = "2000",
	NUMBER = "2",
	PAGES = "278--307",
	ISSN = "0022-1236",
	CODEN = "JFUAAW",
	MRCLASS = "46L37 (46L10 46L35)",
	MRNUMBER = "2000m:46129",
	MRREVIEWER = "Robert S. Doran"
}

@InCollection{NikVai:FQGA,
	author = "Dimitri Nikshych and Leonid {Va\u\i nerman}",
	title = "Finite quantum groupoids and their applications",
	BOOKTITLE = "New directions in Hopf algebras",
	SERIES = "Math. Sci. Res. Inst. Publ.",
	VOLUME = "43",
	PAGES = "211--262",
	PUBLISHER = "Cambridge Univ. Press",
	ADDRESS = "Cambridge",
	YEAR = "2002",
	MRCLASS = "16W30 (16W35)",
	MRNUMBER = "1 913 440"
}

@Article{NikVai:GCII1FQG,
	AUTHOR = "Dmitri Nikshych and Leonid Vainerman",
	TITLE = "A {G}alois correspondence for {${\rm {I}{I}}\sb 1$} factors and quantum groupoids",
	JOURNAL = "J. Funct. Anal.",
	FJOURNAL = "Journal of Functional Analysis",
	VOLUME = "178",
	YEAR = "2000",
	NUMBER = "1",
	PAGES = "113--142",
	ISSN = "0022-1236",
	CODEN = "JFUAAW",
	MRCLASS = "46L55 (46L37)",
	MRNUMBER = "2001j:46102",
	MRREVIEWER = "Robert S. Doran"
}

@Article{Nil:AWB,
	author = "Florian Nill",
	title = "Axioms for weak bialgebras",
	journal = "preprint",
	year = "q-alg/9708023"
}

@Article{Obe:AQAAGID,
	AUTHOR = "Ulrich Oberst",
	TITLE = "Affine {Q}uotientenschemata nach affinen, algebraischen {G}ruppen und induzierte {D}arstellungen",
	JOURNAL = "J. Algebra",
	VOLUME = "44",
	YEAR = "1977",
	NUMBER = "2",
	PAGES = "503--538",
	MRCLASS = "14L99",
	MRNUMBER = "56 \#3030",
	MRREVIEWER = "T. Kambayashi"
}

@Article{ObeSch:UFGEI,
	author = "U. Oberst and H.-J. Schneider",
	title = "Untergruppen formeller {G}ruppen von endlichem {I}ndex",
	journal = "J. Algebra",
	year = 1974,
	volume = 31,
	pages = "10--44"
}

@Article{Ost:MCDDFG,
	AUTHOR = "Viktor Ostrik",
	TITLE = "Module categories over the {D}rinfeld double of a finite group",
	JOURNAL = "Int. Math. Res. Not.",
	FJOURNAL = "International Mathematics Research Notices",
	YEAR = "2003",
	NUMBER = "27",
	PAGES = "1507--1520",
	ISSN = "1073-7928",
	MRCLASS = "18D10 (16D90 17B10 18E10)",
	MRNUMBER = "MR1976233 (2004h:18005)",
	MRREVIEWER = "Volodymyr V. Lyubashenko"
}

@Article{Ost:MCWHAMI,
	AUTHOR = "Victor Ostrik",
	TITLE = "Module categories, weak {H}opf algebras and modular invariants",
	JOURNAL = "Transform. Groups",
	FJOURNAL = "Transformation Groups",
	VOLUME = "8",
	YEAR = "2003",
	NUMBER = "2",
	PAGES = "177--206",
	ISSN = "1083-4362",
	MRCLASS = "18D10 (16D90 17B10 18E10)",
	MRNUMBER = "MR1976459 (2004h:18006)",
	MRREVIEWER = "Volodymyr V. Lyubashenko"
}

@InCollection{OysZha:BGHA,
	AUTHOR = "F. {Van Oystaeyen} and Y. Zhang",
	TITLE = "The {B}rauer Group of a {H}opf algebra",
	BOOKTITLE = "New directions in Hopf algebras",
	SERIES = "Math. Sci. Res. Inst. Publ.",
	VOLUME = "43",
	PAGES = "437--485",
	PUBLISHER = "Cambridge Univ. Press",
	ADDRESS = "Cambridge",
	YEAR = "2002",
	MRCLASS = "16W30 (18D10)",
	MRNUMBER = "2003k:16055"
}

@Article{OysZha:BGOFG,
	author = "F. {Van Oystaeyen} and Y. Zhang",
	title = "Bi-{G}alois Objects Form a Group",
	journal = "Preprint",
	year = 1993
}

@Article{OysZha:GTCHGE,
	author = "F. {Van Oystaeyen} and Y. Zhang",
	title = "Galois-type correspondences for {H}opf {G}alois extensions",
	journal = "K-Theory",
	volume = 8,
	year = 1994,
	pages = "257--269"
}

@Article{Pan:HBMDCPA,
	author = "Florin Panaite",
	title = "Hopf bimodules are modules over a diagonal crossed product algebra",
	journal = "preprint",
	year = "QA/0103057"
}

@InCollection{Pan:MTTQHA,
	AUTHOR = "Florin Panaite",
	TITLE = "A {M}aschke-type theorem for quasi-{H}opf algebras",
	BOOKTITLE = "Rings, Hopf algebras, and Brauer groups (Antwerp/Brussels, 1996)",
	PAGES = "201--207",
	PUBLISHER = "Dekker",
	ADDRESS = "New York",
	YEAR = "1998",
	MRCLASS = "16W30",
	MRNUMBER = "99k:16085",
	MRREVIEWER = "Shenglin Zhu"
}

@Article{Par:BD,
	AUTHOR = "Bodo Pareigis",
	TITLE = "On braiding and dyslexia",
	YEAR = "1995",
	JOURNAL = "J. Algebra",
	volume = 171,
	pages = "413--425"
}

@Article{Par:EBDNCAS,
	AUTHOR = "Bodo Pareigis",
	TITLE = "Endomorphism Bialgebras of Diagrams and of Non-Commutative Algebras and Spaces",
	YEAR = "1992",
	JOURNAL = "Preprint"
}

@Article{Par:NARMTI,
	AUTHOR = "Bodo Pareigis",
	TITLE = "Non-additive ring and module theory {I}. {General} Theory of monoids",
	JOURNAL = "Publ. Math. Debrecen",
	VOLUME = 24,
	YEAR = 1977,
	PAGES = "189--204"
}

@Article{Par:NARMTII,
	AUTHOR = "Bodo Pareigis",
	TITLE = "Non-additive ring and module theory {II}. {$\mathcal C$}-categories, {$\mathcal C$}-functors and {$\mathcal C$}-morphisms",
	JOURNAL = "Publ. Math. Debrecen",
	VOLUME = 24,
	YEAR = 1977,
	PAGES = "351--361"
}

@Article{Par:NARMTV,
	AUTHOR = "Bodo Pareigis",
	TITLE = "Non-additive ring and module theory {V}. {P}rojective and coflat objects",
	JOURNAL = "Algebra-Berichte",
	VOLUME = 40,
	YEAR = 1980,
	Publisher = "Verlag Uni-Druck",
	address = "M{\"u}nchen"
}

@Article{Par:NCNCHAN,
	AUTHOR = "Bodo Pareigis",
	TITLE = "A non-commutative non-cocommutative {H}opf algebra in ``nature''",
	JOURNAL = "J. Algebra",
	YEAR = 1981,
	VOLUME = 70,
	PAGES = "356--374"
}

@Article{Par:RHS,
	author = "Bodo Pareigis",
	title = "Reconstruction of hidden symmetries",
	year = 1996,
	journal = "J. Algebra",
	volume = 183,
	pages = "90--154"
}

@Book{Pas:ICP,
	AUTHOR = "Donald S. Passman",
	TITLE = "Infinite crossed products",
	SERIES = "Pure and Applied Mathematics",
	VOLUME = "135",
	PUBLISHER = "Academic Press Inc.",
	ADDRESS = "Boston, MA",
	YEAR = "1989",
	PAGES = "xii+468",
	ISBN = "0-12-546390-1",
	MRCLASS = "16-02 (16A03 16A27 20C07)",
	MRNUMBER = "90g:16002",
	MRREVIEWER = "Martin Lorenz"
}

@article{Pfe:FSSCMCSD,
	AUTHOR = {Pfeiffer, Hendryk},
	TITLE = {Finitely semisimple spherical categories and modular
              categories are self-dual},
	JOURNAL = {Adv. Math.},
	FJOURNAL = {Advances in Mathematics},
	VOLUME = {221},
	YEAR = {2009},
	NUMBER = {5},
	PAGES = {1608--1652},
	ISSN = {0001-8708},
	CODEN = {ADMTA4},
	MRCLASS = {18D10 (16T05)},
	MRNUMBER = {2522429 (2010d:18009)},
	MRREVIEWER = {Sorin D{\u{a}}sc{\u{a}}lescu},
	DOI = {10.1016/j.aim.2009.03.002},
	URL = {http://dx.doi.org/10.1016/j.aim.2009.03.002}
}

@Article{Pfl:QF,
	AUTHOR = "Markus J. Pflaum",
	TITLE = "Quantengruppen auf {Faserb{\"u}ndeln}",
	ADDRESS = "M{\"u}nchen",
	YEAR = 1992,
	JOURNAL = "Diplomarbeit"
}

@Article{Pod:QS,
	AUTHOR = "P. Podle{\'s}",
	TITLE = "Quantum spheres",
	JOURNAL = "Lett. Math. Phys.",
	FJOURNAL = "Letters in Mathematical Physics. A Journal for the Rapid Dissemination of Short Contributions in the Field of Mathematical Physics",
	VOLUME = "14",
	YEAR = "1987",
	NUMBER = "3",
	PAGES = "193--202",
	ISSN = "0377-9017",
	CODEN = "LMPDHQ",
	MRCLASS = "46L55 (22D25 22E65 81D99)",
	MRNUMBER = "89b:46081",
	MRREVIEWER = "Ola Bratteli"
}

@Article{Pow:GCR,
	AUTHOR = "A. J. Power",
	TITLE = "A general coherence result",
	JOURNAL = "J. Pure Appl. Algebra",
	FJOURNAL = "Journal of Pure and Applied Algebra",
	VOLUME = "57",
	YEAR = "1989",
	NUMBER = "2",
	PAGES = "165--173",
	ISSN = "0022-4049",
	CODEN = "JPAAA2",
	MRCLASS = "18D05 (18A25 18D20)",
	MRNUMBER = "MR985657 (90k:18007)",
	MRREVIEWER = "F. E. J. Linton"
}

@Article{Rad:OAFDHAF,
	AUTHOR = "David E. Radford",
	TITLE = "The order of the antipode of a finite dimensional {H}opf algebra is finite",
	JOURNAL = "Amer. J. Math.",
	VOLUME = "98",
	YEAR = "1976",
	NUMBER = "2",
	PAGES = "333--355",
	MRCLASS = "16A24",
	MRNUMBER = "53 \#10852",
	MRREVIEWER = "E. J. Taft"
}

@Article{Rad:SHAP,
	author = "David E. Radford",
	title = "The structure of {Hopf} algebras with a projection",
	journal = "J. Algebra",
	volume = 92,
	year = 1985,
	pages = "322--347"
}

@Article{Rad:SQYBEDD,
	AUTHOR = "David E. Radford",
	TITLE = "Solutions to the Quantum {Y}ang-{B}axter Equation and the {D}rinfel'd Double",
	JOURNAL = "J. Algebra.",
	YEAR = "(to appear)"
}

@Article{RadSch:EPAFDHA,
	AUTHOR = "David E. Radford and Hans-J{\"u}rgen Schneider",
	TITLE = "On the even powers of the antipode of a finite-dimensional {H}opf algebra",
	JOURNAL = "J. Algebra",
	FJOURNAL = "Journal of Algebra",
	VOLUME = "251",
	YEAR = "2002",
	NUMBER = "1",
	PAGES = "185--212",
	ISSN = "0021-8693",
	CODEN = "JALGA4",
	MRCLASS = "16W30",
	MRNUMBER = "1 900 281",
	MRREVIEWER = "Juan Ramon Garc{\'i}a Rozas"
}

@Article{RadTow:YDCAAB,
	AUTHOR = "D.~E.~Radford and J.~Towber",
	TITLE = "Yetter-{D}rinfel'd Categories Associated to an Arbitrary Bialgebra",
	JOURNAL = "J. Pure Appl. Algebra",
	volume = 87,
	pages = "259--279",
	YEAR = 1993
}

@Article{ResMat:IDII,
	AUTHOR = "G. Restuccia and H. Matsumura",
	TITLE = "Integrable derivations. {II}",
	JOURNAL = "Atti Accad. Peloritana Pericolanti Cl. Sci. Fis. Mat. Natur.",
	FJOURNAL = "Accademia Peloritana dei Pericolanti. Classe di Scienze, Fisiche, Matematiche e Naturali. Atti",
	VOLUME = "70",
	YEAR = "1992",
	NUMBER = "2",
	PAGES = "153--172 (1994)",
	MRCLASS = "13B10 (12F10)",
	MRNUMBER = "95h:13007",
	MRREVIEWER = "Andrzej Nowicki"
}

@Article{ResSTS:QRMFP,
	author = "N. Y. Reshetikhin and M. A. Semenov-Tian-Shansky",
	title = "Quantum {$R$}-matrices and factorization problems",
	journal = "J. Geom. Physics",
	volume = 5,
	year = 1988,
	pages = "205--266"
}

@Article{ResSch:AIGS,
	author = "G. Restuccia and H.-J. Schneider",
	title = "On actions of infinitesimal group schemes",
	journal = "J. Algebra",
	year = "to appear"
}

@Article{ResTur:RGIDQG,
	AUTHOR = "N. Yu. Reshetikhin and V. G. Turaev",
	TITLE = "Ribbon graphs and their invariants derived from quantum groups",
	JOURNAL = "Comm. Math. Phys.",
	VOLUME = 127,
	YEAR = 1990,
	PAGES = "1--26"
}

@Article{ResTyc:RRICAFAHACP,
	AUTHOR = "Gaetana Restuccia and Andrzej Tyc",
	TITLE = "Regularity of the ring of invariants under certain actions of finite abelian {H}opf algebras in characteristic {$p$}",
	JOURNAL = "J. Algebra",
	FJOURNAL = "Journal of Algebra",
	VOLUME = "159",
	YEAR = "1993",
	NUMBER = "2",
	PAGES = "347--357",
	ISSN = "0021-8693",
	CODEN = "JALGA4",
	MRCLASS = "16W30 (14L30)",
	MRNUMBER = "94e:16047",
	MRREVIEWER = "Richard G. Larson"
}

@Article{ResUta:NDAFAHACP,
	AUTHOR = "Gaetana Restuccia and Rosanna Utano",
	TITLE = "{$n$}-dimensional actions of finite abelian {H}opf algebras in characteristic {$p>0$}",
	JOURNAL = "Rev. Roumaine Math. Pures Appl.",
	FJOURNAL = "Revue Roumaine de Math{\'e}matiques Pures et Appliqu{\'e}es. Romanian Journal of Pure and Applied Mathematics",
	VOLUME = "43",
	YEAR = "1998",
	NUMBER = "9-10",
	PAGES = "881--895",
	ISSN = "0035-3965",
	MRCLASS = "16W30 (14L30)",
	MRNUMBER = "2002c:16053",
	MRREVIEWER = "V. A. Artamonov"
}

@Book{Row:RTI,
	AUTHOR = "Louis H. Rowen",
	TITLE = "Ring theory. {V}ol. {I}",
	SERIES = "Pure and Applied Mathematics",
	VOLUME = "127",
	PUBLISHER = "Academic Press Inc.",
	ADDRESS = "Boston, MA",
	YEAR = "1988",
	PAGES = "xxiv+538",
	ISBN = "0-12-599841-4",
	MRCLASS = "16-01",
	MRNUMBER = "89h:16001",
	MRREVIEWER = "Iuliu Crivei"
}

@Article{Rum:DHA,
	author = "Dmitriy Rumynin",
	title = "Duality for {H}opf algebroids",
	journal = "J. Algebra",
	year = 2000,
	volume = 223,
	pages = "237--255"
}

@Article{Rum:HGECIGP,
	AUTHOR = "Dmitriy Rumynin",
	TITLE = "Hopf-{G}alois extensions with central invariants and their geometric properties",
	JOURNAL = "Algebr. Represent. Theory",
	FJOURNAL = "Algebras and Representation Theory",
	VOLUME = "1",
	YEAR = "1998",
	NUMBER = "4",
	PAGES = "353--381",
	ISSN = "1386-923X",
	CODEN = "ARTHF4",
	MRCLASS = "16W30 (14A20)",
	MRNUMBER = "2000h:16051",
	MRREVIEWER = "George Szeto"
}

%SSSSSSSSSSSSSSSSSSSSSSSSSSSSSSSSSSSSSSSSSSSSSSSSSSSSSSSSSSSSSSSSSSSSs

@Book{SGA3,
	author = "M. Demazure and {A. Grothendieck et al.}",
	title = "SGA 3: Sch{\'e}mas en Groupes, 1962/64",
	series = "Lecture Notes in Mathematics",
	volume = "151--153",
	year = 1970,
	publisher = "Springer"
}

@Book{SGA3:SGI,
	TITLE = "Sch{\'e}mas en groupes. {I}: {P}ropri{\'e}t{\'e}s g{\'e}n{\'e}rales des sch{\'e}mas en groupes",
	SERIES = "S{\'e}minaire de G{\'e}om{\'e}trie Alg{\'e}brique du Bois Marie 1962/64 (SGA 3). Dirig{\'e} par M. Demazure et A. Grothendieck. Lecture Notes in Mathematics, Vol. 151",
	PUBLISHER = "Springer-Verlag",
	ADDRESS = "Berlin",
	YEAR = "1970",
	PAGES = "xv+564",
	MRCLASS = "14.50",
	MRNUMBER = "43 \#223a"
}

@Book{SaaRiv:CT,
	author = "Neantro {Saavedra Rivano}",
	title = "Cat{\'e}gories tannakiennes",
	series = "Lecture Notes in Mathematics",
	volume = 265,
	year = 1972,
	publisher = "Springer"
}

@InCollection{Sch:HGECPCT,
	AUTHOR = "H.-J. Schneider",
	TITLE = "Hopf {G}alois extensions, crossed products, and {C}lifford theory",
	BOOKTITLE = "Advances in Hopf algebras (Chicago, IL, 1992)",
	SERIES = "Lecture Notes in Pure and Appl. Math.",
	VOLUME = "158",
	PAGES = "267--297",
	PUBLISHER = "Dekker",
	ADDRESS = "New York",
	YEAR = "1994",
	MRCLASS = "16W30 (16S40)",
	MRNUMBER = "95j:16048",
	MRREVIEWER = "George Szeto"
}

@Article{Sch:IAHASR,
	author = "Hans-J{\"u}rgen Schneider",
	title = "On inner actions of {H}opf algebras and stabilizers of representations",
	journal = "J. Algebra",
	volume = 165,
	year = 1994,
	pages = "138--163"
}

@Book{Sch:LHA,
	AUTHOR = "Hans-J{\"u}rgen Schneider",
	TITLE = "Lectures on {H}opf algebras",
	SERIES = "Trabajos de Matem{\'a}tica [Mathematical Works]",
	VOLUME = "31/95",
	NOTE = "Notes by Sonia Natale",
	PUBLISHER = "Universidad Nacional de C{\'o}rdoba, Facultad de Matem{\'a}tica, Astronom{\'i} a y F{\'i} sica, C{\'o}rdoba",
	YEAR = "1995",
	PAGES = "58",
	MRCLASS = "16W30",
	MRNUMBER = "MR1670611 (99k:16087)",
	MRREVIEWER = "Stefaan Caenepeel"
}

@Article{Sch:NBTCPHA,
	author = "Hans-J{\"u}rgen Schneider",
	title = "Normal Basis and Transitivity of Crossed Products for {H}opf Algebras",
	journal = "J. Algebra",
	volume = 152,
	pages = "289--312",
	year = 1992
}

@Article{Sch:PHSAHA,
	AUTHOR = "Hans-J{\"u}rgen Schneider",
	TITLE = "Principal Homogeneous Spaces for Arbitrary {H}opf Algebras",
	JOURNAL = "Israel J. of Math.",
	VOLUME = 72,
	YEAR = 1990,
	PAGES = "167--195"
}

@Article{Sch:RTHGE,
	AUTHOR = "Hans-J{\"u}rgen Schneider",
	TITLE = "Representation Theory of {Hopf-Galois} Extensions",
	JOURNAL = "Israel J. of Math.",
	VOLUME = 72,
	YEAR = 1990,
	PAGES = "196--231"
}

@Article{Sch:SPFHA,
	AUTHOR = "H.-J. Schneider",
	TITLE = "Some properties of factorizable {H}opf algebras",
	JOURNAL = "Proc. AMS",
	VOLUME = "129",
	YEAR = "2001",
	NUMBER = "7",
	PAGES = "1891--1898",
	ISSN = "0002-9939",
	CODEN = "PAMYAR",
	MRCLASS = "16W30 (16G10)",
	MRNUMBER = "1 825 894"
}

@Article{Sch:SRESQG,
	author = "Hans-J{\"u}rgen Schneider",
	title = "Some remarks on exact sequences of quantum groups",
	journal = "Comm. in Alg.",
	volume = 21,
	year = 1993,
	pages = "3337--3357"
}

@Article{Sch:ZUAG,
	AUTHOR = "Hans-J{\"u}rgen Schneider",
	TITLE = "Zerlegbare {U}ntergruppen affiner {G}ruppen",
	JOURNAL = "Math. Ann.",
	FJOURNAL = "Mathematische Annalen",
	VOLUME = "255",
	YEAR = "1981",
	NUMBER = "2",
	PAGES = "139--158",
	ISSN = "0025-5831",
	CODEN = "MAANA3",
	MRCLASS = "14L15 (20G15)",
	MRNUMBER = "82h:14029",
	MRREVIEWER = "Klaus Pommerening"
}

@book {MR543841,
    AUTHOR = {Serre, Jean-Pierre},
     TITLE = {Repr\'esentations lin\'eaires des groupes finis},
   EDITION = {revised},
 PUBLISHER = {Hermann, Paris},
      YEAR = {1978},
     PAGES = {182},
      ISBN = {2-7056-5630-8},
   MRCLASS = {20-01 (20C99)},
  MRNUMBER = {543841},
}

@Book{Shi:IATAF,
	author = "Goro Shimura",
	title = "Introduction to the Arithmetic Theory of Automorphic Functions",
	publisher = "Princeton Univ. Press",
	year = 1971
}

@Book{Sim:RFCG,
	author = "Barry Simon",
	title = "Representations of finite and compact groups",
	publisher = "AMS",
	year = 1996
}

@Article{Sin:ETCHA,
	author = "W. Singer",
	title = "Extension theory for connected {H}opf algebras",
	journal = "J. Algebra",
	volume = 21,
	year = 1972,
	pages = "1--16"
}

@Article{Som:RTITD,
	author = "Yorck Sommerh{\"a}user",
	title = "Ribbon transformations, integrals, and triangular decompositions",
	journal = "preprint",
	year = "gk-mp-9707/52"
}

@article{SomZhu:HACS,
	AUTHOR = {Sommerh{\"a}user, Yorck and Zhu, Yongchang},
	TITLE = {SomZhu:HACS},
	JOURNAL = {Mem. Amer. Math. Soc.},
	FJOURNAL = {Memoirs of the American Mathematical Society},
	VOLUME = {219},
	YEAR = {2012},
	NUMBER = {1028},
	PAGES = {vi+134},
	ISSN = {0065-9266},
	CODEN = {MAMCAU},
	ISBN = {978-0-8218-6913-0},
	MRCLASS = {16T05 (17B37 20H05)},
	MRNUMBER = {2985696},
	MRREVIEWER = {Stefaan Caenepeel},
	DOI = {10.1090/S0065-9266-2012-00649-6},
	URL = {http://dx.doi.org/10.1090/S0065-9266-2012-00649-6}
}

@Article{SteOys:WMTCA,
	author = "Dragos {\c{S}tefan} and Fred {Van Oystaeyen}",
	title = "The {W}edderburn-{M}alcev Theorem for Comodule Algebras",
	journal = "Comm. Algebra",
	pages = "3569--3581",
	year = 1999,
	volume = 27
}

@Article{Swe:CAHA,
	author = "M.~E.~Sweedler",
	title = "Cohomology of algebras over {H}opf algebras",
	journal = "Trans. AMS",
	volume = 133,
	year = 1968,
	pages = "205--239"
}

@Article{Swe:GSA,
	author = "M.~E.~Sweedler",
	title = "Groups of simple algebras",
	year = 1974,
	journal = "Publ. Math. I.H.E.S.",
	volume = 44,
	pages = "79--189"
}

@Book{Swe:HA,
	AUTHOR = "M.~E.~Sweedler",
	TITLE = "Hopf Algebras",
	YEAR = 1969,
	PUBLISHER = "Benjamin",
	ADDRESS = "New York"
}

@Article{Swe:PTJBT,
	author = "Moss Sweedler",
	title = "The predual theorem to the {J}acobson-{B}ourbaki theorem",
	journal = "Trans. AMS",
	volume = 213,
	year = 1975,
	pages = "391--406"
}

@incollection{Szl:AMFQG,
	AUTHOR = {Szlachanyi, Kornel},
	TITLE = {Adjointable monoidal functors and quantum groupoids},
	BOOKTITLE = {Hopf algebras in noncommutative geometry and physics},
	SERIES = {Lecture Notes in Pure and Appl. Math.},
	VOLUME = {239},
	PAGES = {291--307},
	PUBLISHER = {Dekker},
	ADDRESS = {New York},
	YEAR = {2005},
	MRCLASS = {16W30 (18D10)},
	MRNUMBER = {2106937 (2005m:16052)},
	MRREVIEWER = {Julien Bichon}
}

@InCollection{Szl:FQGIFT,
	author = "Kornel Szlach{\'a}nyi",
	title = "Finite Quantum groupoids and inclusions of finite type",
	BOOKTITLE = "Mathematical physics in mathematics and physics (Siena, 2000)",
	SERIES = "Fields Inst. Commun.",
	VOLUME = "30",
	PAGES = "393--407",
	PUBLISHER = "Amer. Math. Soc.",
	ADDRESS = "Providence, RI",
	YEAR = "2001",
	MRCLASS = "18D10 (16W30 46L89 81R15)",
	MRNUMBER = "2002j:18007",
	MRREVIEWER = "Dmitri A. Nikshych"
}

@Article{Szy:FISHACP,
	author = "W. Szymanski",
	title = "Finite index subfactors and {H}opf algebra crossed products",
	journal = "Proc. AMS",
	volume = 120,
	year = 1994,
	pages = "519--528"
}

@Article{Taf:OAFDHA,
	author = "Earl Taft",
	title = "The order of the antipode of a finite-dimensional {H}opf algebra",
	journal = "Proc. Nat. Acad. Sci USA",
	volume = 68,
	year = 1971,
	pages = "2631--2633"
}

@Article{Tak:CBHISHA,
	author = "Mitsuhiro Takeuchi",
	title = "A correspondence between {H}opf ideals and sub-{H}opf algebras",
	journal = "Manuscripta Math.",
	volume = 7,
	year = 1972,
	pages = "251--270"
}

@Article{Tak:CHISHA,
	author = "Mitsuhiro Takeuchi",
	title = "A correspondence between {H}opf ideals and sub-{H}opf algebras",
	journal = "Manuscripta Math.",
	volume = 7,
	year = 1972,
	pages = "251--270"
}

@Unpublished{Tak:CSCL,
	Author = "Mitsuhiro Takeuchi",
	title = "Comments on {S}chauenburg's construction {$L(A,H)$}",
	note = "unpublished manuscript",
	year = 1995
}

@Article{Tak:EFGM,
	AUTHOR = "M. Takeuchi",
	TITLE = "On extensions of formal groups by $\mu^A$",
	JOURNAL = "Comm. in Alg.",
	YEAR = 1977,
	VOLUME = 13,
	PAGES = "1439--1481"
}

@Article{Tak:EHAANI,
	author = "Mitsuhiro Takeuchi",
	title = "There exists a {H}opf algebra whose antipode is not injective",
	journal = "Sci. Papers Coll. Gen. Ed. Univ. Tokyo",
	volume = 21,
	pages = "127--130",
	year = 1971
}

@Article{Tak:FHAGC,
	author = "Mitsuhiro Takeuchi",
	title = "Free {H}opf algebras generated by coalgebras",
	journal = "J. Math. Soc. Japan",
	volume = 23,
	year = 1971,
	pages = "561--582"
}

@Article{Tak:FSF,
	AUTHOR = "Mitsuhiro Takeuchi",
	TITLE = "Formal schemes over fields",
	JOURNAL = "Comm. Algebra",
	VOLUME = "5",
	YEAR = "1977",
	NUMBER = "14",
	PAGES = "1483--1528",
	MRCLASS = "14A15 (16A24 18D35)",
	MRNUMBER = "58 \#16645",
	MRREVIEWER = "David E. Radford"
}

@Article{Tak:GAAA,
	AUTHOR = {Takeuchi, Mitsuhiro},
	TITLE = {Groups of algebras over {$A\otimes \overline A$}},
	JOURNAL = {J. Math. Soc. Japan},
	FJOURNAL = {Journal of the Mathematical Society of Japan},
	VOLUME = {29},
	YEAR = {1977},
	NUMBER = {3},
	PAGES = {459--492},
	ISSN = {0025-5645},
	MRCLASS = {16A24 (13D15 14L15 18G30)},
	MRNUMBER = {0506407 (58 \#22151)}
}

@Article{Tak:MPGBPHA,
	author = "Mitsuhiro Takeuchi",
	title = "Matched pairs of groups and bismash products of {H}opf algebras",
	journal = "Comm. Algebra",
	volume = 9,
	year = 1981,
	pages = "841--882"
}

@Article{Tak:MT,
	author = "Mitsuhiro Takeuchi",
	title = "{$\sqrt{\text{{M}orita}}$} theory",
	journal = "J. Math. Soc. Japan",
	volume = 39,
	year = 1987,
	pages = "301--336"
}

@Article{Tak:MTCC,
	author = "Mitsuhiro Takeuchi",
	title = "Morita theorems for categories of comodules",
	journal = "J. Fac. Sci. Univ. Tokyo Sect. I",
	volume = 24,
	year = 1977,
	pages = "629--644"
}

@Article{Tak:NGRG,
	AUTHOR = "M. Takeuchi",
	TITLE = "A note on geometrically reductive groups",
	YEAR = 1973,
	JOURNAL = "J. Fac. Sci., Univ. Tokyo, Sec.1",
	VOLUME = "20",
	pages = "387--396"
}

@Article{Tak:QSHA,
	AUTHOR = "Mitsuhiro Takeuchi",
	TITLE = "Quotient spaces for {H}opf algebras",
	JOURNAL = "Comm. Algebra",
	FJOURNAL = "Communications in Algebra",
	VOLUME = "22",
	YEAR = "1994",
	NUMBER = "7",
	PAGES = "2503--2523",
	ISSN = "0092-7872",
	CODEN = "COALDM",
	MRCLASS = "16W30",
	MRNUMBER = "95h:16055",
	MRREVIEWER = "Richard K. Molnar"
}

@Article{Tak:RHMEFC,
	author = "Mitsuhiro Takeuchi",
	title = "Relative {H}opf modules --- equivalence and freeness criteria",
	journal = "J. Algebra",
	volume = 60,
	year = 1979,
	pages = "452--471"
}

@Article{Tam:CBA,
	AUTHOR = "D. Tambara",
	TITLE = "The coendomorphism bialgebra of an algebra",
	JOURNAL = "J. Fac. Sci. Univ. Tokyo Sect. IA Math.",
	FJOURNAL = "Journal of the Faculty of Science. University of Tokyo. Section IA. Mathematics",
	VOLUME = "37",
	YEAR = "1990",
	NUMBER = "2",
	PAGES = "425--456",
	ISSN = "0040-8980",
	CODEN = "JFTMAT",
	MRCLASS = "16W30",
	MRNUMBER = "91f:16048",
	MRREVIEWER = "E. J. Taft"
}

@Article{TamYam:TCFRSDFAG,
	AUTHOR = "Daisuke Tambara and Shigeru Yamagami",
	TITLE = "Tensor categories with fusion rules of self-duality for finite abelian groups",
	JOURNAL = "J. Algebra",
	FJOURNAL = "Journal of Algebra",
	VOLUME = "209",
	YEAR = "1998",
	NUMBER = "2",
	PAGES = "692--707",
	ISSN = "0021-8693",
	CODEN = "JALGA4",
	MRCLASS = "18D10 (20K01)",
	MRNUMBER = "MR1659954 (2000b:18013)",
	MRREVIEWER = "Marie Choda"
}

@Article{TanWeiZhu:HA,
	author = "Xiang Tang and Alan Weinstein and Chengchang Zhu",
	title = "Hopfish algebras",
	journal = "preprint",
	year = "QA/0510421"
}

@Article{TatOor:GSPO,
	AUTHOR = "John Tate and Frans Oort",
	TITLE = "Group schemes of prime order",
	JOURNAL = "Ann. Sci. {\'E}cole Norm. Sup. (4)",
	VOLUME = "3",
	YEAR = "1970",
	PAGES = "1--21",
	MRCLASS = "14.50",
	MRNUMBER = "42 \#278",
	MRREVIEWER = "J. S. Milne"
}

@Article{TorOysZha:BGCC,
	author = "B. Torrecillas and F. {Van Oystaeyen} and Y. H. Zhang",
	title = "The {B}rauer Group of a Cocommutative Coalgebra",
	journal = "Preprint",
	year = 1994
}

@Book{Tur:QIK3M,
	author = "V. G. Turaev",
	title = "Quantum invariants of knots and $3$-manifolds",
	publisher = "W. de Gruyter",
	year = 1994,
	address = "Berlin"
}

@Article{Ulb:FFFDC,
	author = "K.-H.~Ulbrich",
	title = "Fiber functors of finite dimensional comodules",
	year = 1989,
	volume = 65,
	journal = "manuscripta math.",
	pages = "39--46"
}

@Article{Ulb:GEFC,
	author = "K.-H.~Ulbrich",
	title = "Galois Extensions as functors of comodules",
	journal = "manuscripta math.",
	volume = 59,
	pages = "391--397",
	year = 1987
}

@Article{Ulb:GNKR,
	AUTHOR = "K.-H.~Ulbrich",
	TITLE = "Galoiserweiterungen von nicht-kommutativen {Ringen}",
	JOURNAL = "Comm. in Alg.",
	VOLUME = 10,
	YEAR = 1982,
	PAGES = "655--672"
}

@Article{Ulb:HARMC,
	author = "K.-H. Ulbrich",
	title = "On {H}opf algebras and rigid monoidal categories",
	journal = "Israel J. Math.",
	volume = 72,
	year = 1990,
	pages = "252--256"
}

@Article{Ulb:SPCLM,
	AUTHOR = "K.-H.~Ulbrich",
	title = "Smash products and comodules of linear maps",
	journal = "Tsukuba J. Math.",
	year = 1990,
	pages = "371--378",
	volume = 14
}

@Book{Wat:IAGS,
	AUTHOR = "William C. Waterhouse",
	TITLE = "Introduction to Affine Group Schemes",
	YEAR = "1979",
	PUBLISHER = "Springer",
	ADDRESS = "New York, Berlin, Heidelberg"
}

@Article{Wat:ICSAF,
	author = "C. E. Watts",
	title = "Intrinsic characterizations of some additive functors",
	journal = "Proc. AMS",
	volume = 11,
	pages = "5--8",
	year = 1960
}

@Article{WesZum:CDCQH,
	AUTHOR = "J. Wess and B. Zumino",
	TITLE = "Covariant Differential Calculus on the Quantum Hyperplane",
	JOURNAL = "Preprint CERN-TH-5697/90",
	YEAR = 1990
}

@Article{Wor:DCCMP,
	AUTHOR = "S.~L.~Woronowicz",
	TITLE = "Differential Calculus on Compact Matrix Pseudogroups (Quantum Groups)",
	JOURNAL = "Comm. Math. Phys.",
	VOLUME = 122,
	PAGES = "125--170",
	YEAR = "1989"
}

@Article{Xu:QG,
	AUTHOR = "Ping Xu",
	TITLE = "Quantum groupoids",
	JOURNAL = "Comm. Math. Phys.",
	FJOURNAL = "Communications in Mathematical Physics",
	VOLUME = "216",
	YEAR = "2001",
	NUMBER = "3",
	PAGES = "539--581",
	ISSN = "0010-3616",
	CODEN = "CMPHAY",
	MRCLASS = "17B37 (17B62 53D55 58H05 81R50)",
	MRNUMBER = "1 815 717",
	MRREVIEWER = "Johannes Huebschmann"
}

@Article{Xu:QGDQ,
	author = "{Ping Xu}",
	title = "Quantum groupoids and deformation quantization",
	journal = "preprint",
	year = "q-alg/9708020"
}

@Article{Yet:QGRMC,
	AUTHOR = "David N. Yetter",
	TITLE = "Quantum Groups and Representations of Monoidal Categories",
	JOURNAL = "Math. Proc. Camb. Phil. Soc.",
	VOLUME = 108,
	PAGES = "261--290",
	YEAR = 1990
}

@Article{Zha:ESBGFQG,
	AUTHOR = "Yinhuo Zhang",
	TITLE = "An exact sequence for the {B}rauer group of a finite quantum group",
	JOURNAL = "J. Algebra",
	FJOURNAL = "Journal of Algebra",
	VOLUME = "272",
	YEAR = "2004",
	NUMBER = "1",
	PAGES = "321--378",
	ISSN = "0021-8693",
	CODEN = "JALGA4",
	MRCLASS = "16K50 (16W30)",
	MRNUMBER = "MR2029037 (2005a:16028)",
	MRREVIEWER = "Stefaan Caenepeel"
}

@InCollection{Zhu:HARRHA,
	AUTHOR = "Yongchang Zhu",
	TITLE = "Hecke algebras and representation ring of {H}opf algebras",
	BOOKTITLE = "First International Congress of Chinese Mathematicians (Beijing, 1998)",
	PAGES = "219--227",
	PUBLISHER = "Amer. Math. Soc.",
	ADDRESS = "Providence, RI",
	YEAR = "2001",
	MRCLASS = "20C08 (16W30)",
	MRNUMBER = "1 830 177"
}

