@Preamble{"\def\cprime{$'$} "}

@preamble{
   "\def\cfgrv#1{\ifmmode\setbox7\hbox{$\accent"5E#1$}\else
    \setbox7\hbox{\accent"5E#1}\penalty 10000\relax\fi\raise 1\ht7
    \hbox{\lower1.05ex\hbox to 1\wd7{\hss\accent"12\hss}}\penalty 10000
    \hskip-1\wd7\penalty 10000\box7} "
}

@ARTICLE{2018arXiv180505736B,
   author = {{Bonderson}, P. and {Delaney}, C. and {Galindo}, C. and {Rowell}, E.~C. and 
	{Tran}, A. and {Wang}, Z.},
    title = "{On invariants of Modular categories beyond modular data}",
  journal = {ArXiv e-prints},
archivePrefix = "arXiv",
   eprint = {1805.05736},
 primaryClass = "math.QA",
 keywords = {Mathematics - Quantum Algebra, Quantum Physics},
     year = 2018,
    month = may,
   adsurl = {http://adsabs.harvard.edu/abs/2018arXiv180505736B},
  adsnote = {Provided by the SAO/NASA Astrophysics Data System}
}


@ARTICLE{2015arXiv150906811B,
   author = {{Bartlett}, B. and {Douglas}, C.~L. and {Schommer-Pries}, C.~J. and 
	{Vicary}, J.},
    title = "{Modular categories as representations of the 3-dimensional bordism 2-category}",
  journal = {ArXiv e-prints},
archivePrefix = "arXiv",
   eprint = {1509.06811},
 primaryClass = "math.AT",
 keywords = {Mathematics - Algebraic Topology, Mathematics - Category Theory, Mathematics - Geometric Topology, Mathematics - Quantum Algebra, Mathematics - Representation Theory},
     year = 2015,
    month = sep,
   adsurl = {http://adsabs.harvard.edu/abs/2015arXiv150906811B},
  adsnote = {Provided by the SAO/NASA Astrophysics Data System}
}



@ARTICLE{2015arXiv150705139B,
   author = {{Bruillard}, P. and {Ng}, S.-H. and {Rowell}, E.~C. and {Wang}, Z.
	},
    title = "{On classification of modular categories by rank}",
  journal = {ArXiv e-prints},
archivePrefix = "arXiv",
   eprint = {1507.05139},
 primaryClass = "math.QA",
 keywords = {Mathematics - Quantum Algebra, 18D10},
     year = 2015,
    month = jul,
   adsurl = {http://adsabs.harvard.edu/abs/2015arXiv150705139B},
  adsnote = {Provided by the SAO/NASA Astrophysics Data System}
}

@ARTICLE{2012arXiv1206.2308B,
   author = {{Balsam}, B. and {Kirillov}, Jr, A.},
    title = "{Kitaev's Lattice Model and Turaev-Viro TQFTs}",
  journal = {ArXiv e-prints},
archivePrefix = "arXiv",
   eprint = {1206.2308},
 primaryClass = "math.QA",
 keywords = {Mathematics - Quantum Algebra, Mathematics - Geometric Topology, 57R56, 16T05},
     year = 2012,
    month = jun,
   adsurl = {http://adsabs.harvard.edu/abs/2012arXiv1206.2308B},
  adsnote = {Provided by the SAO/NASA Astrophysics Data System}
}

@ARTICLE{2013arXiv1305.2229D,
   author = {{Davidovich}, O. and {Hagge}, T. and {Wang}, Z.},
    title = "{On Arithmetic Modular Categories}",
  journal = {ArXiv e-prints},
archivePrefix = "arXiv",
   eprint = {1305.2229},
 primaryClass = "math.QA",
 keywords = {Mathematics - Quantum Algebra, Mathematics - Category Theory, Mathematics - Representation Theory, 18D10},
     year = 2013,
    month = may,
   adsurl = {http://adsabs.harvard.edu/abs/2013arXiv1305.2229D},
  adsnote = {Provided by the SAO/NASA Astrophysics Data System}
}


@ARTICLE{2014arXiv1412.8505D,
   author = {{Davydov}, A.},
    title = "{Unphysical diagonal modular invariants}",
  journal = {ArXiv e-prints},
archivePrefix = "arXiv",
   eprint = {1412.8505},
 primaryClass = "math.QA",
 keywords = {Mathematics - Quantum Algebra},
     year = 2014,
    month = dec,
   adsurl = {http://adsabs.harvard.edu/abs/2014arXiv1412.8505D},
  adsnote = {Provided by the SAO/NASA Astrophysics Data System}
}


@ARTICLE{Hay:CTDFSTC,
   author = {{Hayashi}, Takahiro},
    title = "{A canonical Tannaka duality for finite seimisimple tensor categories}",
  journal = {ArXiv Mathematics e-prints},
   eprint = {math/9904073},
 keywords = {Quantum Algebra, Category Theory, 16W30, 18D10},
     year = 1999,
    month = apr,
   adsurl = {http://adsabs.harvard.edu/abs/1999math......4073H},
  adsnote = {Provided by the SAO/NASA Astrophysics Data System}
}

@ARTICLE{2012arXiv1208.4153I,
   author = {{Iovanov}, M. and {Mason}, G. and {Montgomery}, S.},
    title = "{$FSZ$-groups and Frobenius-Schur Indicators of Quantum Doubles}",
  journal = {ArXiv e-prints},
archivePrefix = "arXiv",
   eprint = {1208.4153},
 primaryClass = "math.RA",
 keywords = {Mathematics - Rings and Algebras, Mathematics - Group Theory, Mathematics - Quantum Algebra, Primary 20D99, 20C99, Secondary 16T05},
     year = 2012,
    month = aug,
   adsurl = {http://adsabs.harvard.edu/abs/2012arXiv1208.4153I},
  adsnote = {Provided by the SAO/NASA Astrophysics Data System}
}

@ARTICLE{2009arXiv0903.3959K,
   author = {{Klim}, J},
    title = "{Transmutation and Bosonisation of Quasi-Hopf Algebras}",
  journal = {ArXiv e-prints},
archivePrefix = "arXiv",
   eprint = {0903.3959},
 primaryClass = "math.QA",
 keywords = {Mathematics - Quantum Algebra, Mathematical Physics, Mathematics - Rings and Algebras},
     year = 2009,
    month = mar,
   adsurl = {http://adsabs.harvard.edu/abs/2009arXiv0903.3959K},
  adsnote = {Provided by the SAO/NASA Astrophysics Data System}
}

@ARTICLE{2013arXiv1308.6770K,
   author = {{Kr{\"a}hmer}, U. and {Rovi}, A.},
    title = "{A Lie-Rinehart algebra with no antipode}",
  journal = {ArXiv e-prints},
archivePrefix = "arXiv",
   eprint = {1308.6770},
 primaryClass = "math.QA",
 keywords = {Mathematics - Quantum Algebra},
     year = 2013,
    month = aug,
   adsurl = {http://adsabs.harvard.edu/abs/2013arXiv1308.6770K},
  adsnote = {Provided by the SAO/NASA Astrophysics Data System}
}

@ARTICLE{2017arXiv170806538M,
   author = {{Mignard}, M. and {Schauenburg}, P.},
    title = "{Morita equivalence of pointed fusion categories of small rank}",
  journal = {ArXiv e-prints},
archivePrefix = "arXiv",
   eprint = {1708.06538},
 primaryClass = "math.QA",
 keywords = {Mathematics - Quantum Algebra, Mathematics - Category Theory, Mathematics - Representation Theory},
     year = 2017,
    month = aug,
   adsurl = {http://adsabs.harvard.edu/abs/2017arXiv170806538M},
  adsnote = {Provided by the SAO/NASA Astrophysics Data System}
}



@ARTICLE{2015arXiv150106061S,
   author = {{Saracco}, P.},
    title = "{On the Structure Theorem for quasi-Hopf bimodules}",
  journal = {ArXiv e-prints},
archivePrefix = "arXiv",
   eprint = {1501.06061},
 primaryClass = "math.QA",
 keywords = {Mathematics - Quantum Algebra, Mathematics - Rings and Algebras, 16W30},
     year = 2015,
    month = jan,
   adsurl = {http://adsabs.harvard.edu/abs/2015arXiv150106061S},
  adsnote = {Provided by the SAO/NASA Astrophysics Data System}
}

@ARTICLE{2016arXiv160402378S,
   author = {{Schauenburg}, P.},
    title = "{Higher Frobenius-Schur indicators for Drinfeld doubles of finite groups through characters of centralizers}",
  journal = {ArXiv e-prints},
archivePrefix = "arXiv",
   eprint = {1604.02378},
 primaryClass = "math.QA",
 keywords = {Mathematics - Quantum Algebra, Mathematics - Category Theory, Mathematics - Rings and Algebras, Mathematics - Representation Theory},
     year = 2016,
    month = apr,
   adsurl = {http://adsabs.harvard.edu/abs/2016arXiv160402378S},
  adsnote = {Provided by the SAO/NASA Astrophysics Data System}
}

@ARTICLE{2015arXiv150607832L,
   author = {{Lentner}, S. and {Priel}, J.},
    title = "{A decomposition of the Brauer-Picard group of the representation category of a finite group}",
  journal = {ArXiv e-prints},
archivePrefix = "arXiv",
   eprint = {1506.07832},
 primaryClass = "math.QA",
 keywords = {Mathematics - Quantum Algebra, High Energy Physics - Theory, Mathematics - Representation Theory},
     year = 2015,
    month = jun,
   adsurl = {http://adsabs.harvard.edu/abs/2015arXiv150607832L},
  adsnote = {Provided by the SAO/NASA Astrophysics Data System}
}

@incollection {MR3059669,
    AUTHOR = {Vainerman, Leonid and Vallin, Jean-Michel},
     TITLE = {On {$\Bbb Z/2\Bbb Z$}-extensions of pointed fusion categories},
 BOOKTITLE = {Operator algebras and quantum groups},
    SERIES = {Banach Center Publ.},
    VOLUME = {98},
     PAGES = {343--366},
 PUBLISHER = {Polish Acad. Sci. Inst. Math., Warsaw},
      YEAR = {2012},
   MRCLASS = {18D10 (16T05)},
  MRNUMBER = {3059669},
MRREVIEWER = {Gigel Militaru},
       DOI = {10.4064/bc98-0-15},
       URL = {http://dx.doi.org/10.4064/bc98-0-15},
}

@ARTICLE{2015arXiv151103871L,
   author = {{Lentner}, S. and {Priel}, J.},
    title = "{On monoidal autoequivalences of the category of Yetter-Drinfeld modules over a group: The lazy case}",
  journal = {ArXiv e-prints},
archivePrefix = "arXiv",
   eprint = {1511.03871},
 primaryClass = "math.QA",
 keywords = {Mathematics - Quantum Algebra, Mathematics - Representation Theory},
     year = 2015,
    month = nov,
   adsurl = {http://adsabs.harvard.edu/abs/2015arXiv151103871L},
  adsnote = {Provided by the SAO/NASA Astrophysics Data System}
}

@ARTICLE{2015arXiv151005696T,
   author = {{Tucker}, H.},
    title = "{Frobenius-Schur indicators for near group and Haagerup-Izumi fusion categories}",
  journal = {ArXiv e-prints},
archivePrefix = "arXiv",
   eprint = {1510.05696},
 primaryClass = "math.CT",
 keywords = {Mathematics - Category Theory, Mathematics - Quantum Algebra, Mathematics - Representation Theory, 18D10, 16T05},
     year = 2015,
    month = oct,
   adsurl = {http://adsabs.harvard.edu/abs/2015arXiv151005696T},
  adsnote = {Provided by the SAO/NASA Astrophysics Data System}
}

@ARTICLE{2014arXiv1412.4725,
   author = {Timmer, Joseph},
    title = "{Indicators of Bismash Products from Exact Symmetric Group Factorizations}",
  journal = {ArXiv e-prints},
archivePrefix = "arXiv",
   eprint = {1412.4725},
 primaryClass = "math.QA",
 keywords = {16T05},
     year = 2014,
    month = dec
}

@ARTICLE{2015arXiv151105522U,
   author = {{Uribe}, B.},
    title = "{On the Classification of Pointed Fusion Categories up to weak Morita Equivalence}",
  journal = {ArXiv e-prints},
archivePrefix = "arXiv",
   eprint = {1511.05522},
 primaryClass = "math.AT",
 keywords = {Mathematics - Algebraic Topology, Mathematics - Quantum Algebra, 18D10},
     year = 2015,
    month = nov,
   adsurl = {http://adsabs.harvard.edu/abs/2015arXiv151105522U},
  adsnote = {Provided by the SAO/NASA Astrophysics Data System}
}

@ARTICLE{2017arXiv170802796M,
   author = {{Mignard}, M. and {Schauenburg}, P.},
    title = "{Modular categories are not determined by their modular data}",
  journal = {ArXiv e-prints},
archivePrefix = "arXiv",
   eprint = {1708.02796},
 primaryClass = "math.QA",
 keywords = {Mathematics - Quantum Algebra, Mathematics - Category Theory, Mathematics - Rings and Algebras, Mathematics - Representation Theory},
     year = 2017,
    month = aug,
   adsurl = {http://adsabs.harvard.edu/abs/2017arXiv170802796M},
  adsnote = {Provided by the SAO/NASA Astrophysics Data System}
}
