%%%%%%%%References Start with letter A%%%%%%%%%%%%%%%%%%

@book {AARoy,
    AUTHOR = {Andrews, George E. and Askey, Richard and Roy, Ranjan},
     TITLE = {Special functions},
    SERIES = {Encyclopedia of Mathematics and its Applications},
    VOLUME = {71},
 PUBLISHER = {Cambridge University Press},
   ADDRESS = {Cambridge},
      YEAR = {1999},
     PAGES = {xvi+664},
      ISBN = {0-521-62321-9; 0-521-78988-5},
   MRCLASS = {33-01 (33-02)},
  MRNUMBER = {1688958 (2000g:33001)},
MRREVIEWER = {Bruce C. Berndt},
}


@article {AG,
   AUTHOR = {Andrews, George E. and Garvan, F. G.},
 TITLE = {Ramanujan's ``lost'' notebook. {VI}. {T}he mock theta
          conjectures},
   JOURNAL = {Adv. in Math.},
 FJOURNAL = {Advances in Mathematics},
   VOLUME = {73},
      YEAR = {1989},
    NUMBER = {2},
     PAGES = {242--255},
      ISSN = {0001-8708},
     CODEN = {ADMTA4},
   MRCLASS = {11P68 (01A60 05A19)},
  MRNUMBER = {987276 (90d:11115)},
MRREVIEWER = {R. A. Rankin},
       DOI = {10.1016/0001-8708(89)90070-4},
       URL = {http://dx.doi.org/10.1016/0001-8708(89)90070-4},}
	


@article{AM,
 author               = {Anderson, Greg and Moore, Greg},
 fjournal             = {Communications in Mathematical Physics},
 journal              = {Comm. Math. Phys.},
 number               = {3},
 pages                = {441--450},
 title                = {Rationality in conformal field theory},
 volume               = {117},
 year                 = {1988},
 }

@book {Anosov,
    AUTHOR = {Anosov, D. V. and Bolibruch, A. A.},
     TITLE = {The {R}iemann-{H}ilbert problem},
    SERIES = {Aspects of Mathematics, E22},
 PUBLISHER = {Friedr. Vieweg \& Sohn},
   ADDRESS = {Braunschweig},
      YEAR = {1994},
     PAGES = {x+190},
      ISBN = {3-528-06496-X},
   MRCLASS = {32G34 (30E25 34A20 34A30)},
  MRNUMBER = {1276272 (95d:32024)},
MRREVIEWER = {V. V. Chueshev},
}


@book {Apostol,
    AUTHOR = {Apostol, Tom M.},
     TITLE = {Modular functions and {D}irichlet series in number theory},
      NOTE = {Graduate Texts in Mathematics, No. 41},
 PUBLISHER = {Springer-Verlag},
   ADDRESS = {New York},
      YEAR = {1976},
     PAGES = {x+198},
   MRCLASS = {10D05 (10H10 30A16)},
  MRNUMBER = {0422157 (54 \#10149)},
MRREVIEWER = {E. Grosswald},
}

@incollection{ASD,
 address              = {Providence, R.I.},
 author               = {Atkin, A. O. L. and Swinnerton-Dyer, H. P. F.},
 booktitle            = {Combinatorics ({P}roc. {S}ympos. {P}ure {M}ath., {V}ol. {XIX}, {U}niv. {C}alifornia, {L}os {A}ngeles, {C}alif., 1968)},
 pages                = {1--25},
 publisher            = {Amer. Math. Soc.},
 title                = {Modular forms on noncongruence subgroups},
 year                 = {1971},
 }

%%%%%%%%%References with B%%%%%%%%%%%%%%%

@incollection {BKLMR,
    AUTHOR = {Bajpai, Jitendra  and Kimport, Susie and Liang, Jie and Ma, Ding and Ricci, James},
     TITLE = {Bilateral series and {R}amanujan's radial limits},
 PUBLISHER = {Accepted for publication in Proceedings of the American Mathematical Society},
      YEAR = {2013},
}

@article {BajpaiThesis,
    AUTHOR = {Bajpai, Jitendra},
     TITLE = {On Vector Valued Automorphic Forms},
      NOTE = {Thesis (Ph.D.)--University of Alberta},
      YEAR = {2015},
}


@article {BG,
    AUTHOR = {Bantay, Peter and Gannon, Terry},
     TITLE = {Vector-valued modular functions for the modular group and the
              hypergeometric equation},
   JOURNAL = {Commun. Number Theory Phys.},
  FJOURNAL = {Communications in Number Theory and Physics},
    VOLUME = {1},
      YEAR = {2007},
    NUMBER = {4},
     PAGES = {651--680},
      ISSN = {1931-4523},
   MRCLASS = {11F03 (11F37 33C05)},
  MRNUMBER = {2412268 (2009h:11064)},
MRREVIEWER = {Rainer Schulze-Pillot},
}


@book {Beardon,
    AUTHOR = {Beardon, Alan F.},
     TITLE = {The geometry of discrete groups},
    SERIES = {Graduate Texts in Mathematics},
    VOLUME = {91},
      NOTE = {Corrected reprint of the 1983 original},
 PUBLISHER = {Springer-Verlag, New York},
      YEAR = {1995},
     PAGES = {xii+337},
      ISBN = {0-387-90788-2},
   MRCLASS = {22E40 (11F06 20H15 30F35 57N10)},
  MRNUMBER = {1393195},
}
@book {Berndt,
    AUTHOR = {Berndt, Rolf and Schmidt, Ralf},
     TITLE = {Elements of the representation theory of the {J}acobi group},
    SERIES = {Progress in Mathematics},
    VOLUME = {163},
 PUBLISHER = {Birkh\"auser Verlag},
   ADDRESS = {Basel},
      YEAR = {1998},
     PAGES = {xiv+213},
      ISBN = {3-7643-5922-6},
   MRCLASS = {11F55 (11F70 14K25)},
  MRNUMBER = {1634977 (99i:11030)},
MRREVIEWER = {B. Ramakrishnan},
}
		


@article {Boli1,
    AUTHOR = {Bolibrukh, A. A.},
     TITLE = {The {R}iemann-{H}ilbert problem on a compact {R}iemann
              surface},
   JOURNAL = {Tr. Mat. Inst. Steklova},
  FJOURNAL = {Trudy Matematicheskogo Instituta Imeni V. A. Steklova.
              Rossi\u\i skaya Akademiya Nauk},
    VOLUME = {238},
      YEAR = {2002},
    NUMBER = {Monodromiya v Zadachakh Algebr. Geom. i Differ. Uravn.},
     PAGES = {55--69},
      ISSN = {0371-9685},
   MRCLASS = {34M50 (30E25 35Q15)},
  MRNUMBER = {1969303 (2004g:34149)},
MRREVIEWER = {Nikolai A. Kudryashov},
}


@inproceedings {Boli2,
    AUTHOR = {Bolibruch, A. A.},
     TITLE = {The {R}iemann-{H}ilbert problem and {F}uchsian differential
              equations on the {R}iemann sphere},
 BOOKTITLE = {Proceedings of the {I}nternational {C}ongress of
              {M}athematicians, {V}ol.\ 1, 2 ({Z}\"urich, 1994)},
     PAGES = {1159--1168},
 PUBLISHER = {Birkh\"auser},
   ADDRESS = {Basel},
      YEAR = {1995},
   MRCLASS = {32G34 (14D05 30E25 34A20)},
  MRNUMBER = {1404016 (98e:32038)},
MRREVIEWER = {V. V. Chueshev},
}
		
@book {Borel,
    AUTHOR = {Borel, Armand},
     TITLE = {Automorphic forms on {${\rm SL}_2({\bf R})$}},
    SERIES = {Cambridge Tracts in Mathematics},
    VOLUME = {130},
 PUBLISHER = {Cambridge University Press},
   ADDRESS = {Cambridge},
      YEAR = {1997},
     PAGES = {x+192},
      ISBN = {0-521-58049-8},
   MRCLASS = {11Fxx (11R39 22-01 22E40 22E46)},
  MRNUMBER = {1482800 (98j:11028)},
MRREVIEWER = {M. Ram Murty},
       DOI = {10.1017/CBO9780511896064},
       URL = {http://dx.doi.org.login.ezproxy.library.ualberta.ca/10.1017/CBO9780511896064},
}

@book {Bump,
    AUTHOR = {Bump, Daniel},
     TITLE = {Automorphic forms and representations},
    SERIES = {Cambridge Studies in Advanced Mathematics},
    VOLUME = {55},
 PUBLISHER = {Cambridge University Press},
   ADDRESS = {Cambridge},
      YEAR = {1997},
     PAGES = {xiv+574},
      ISBN = {0-521-55098-X},
   MRCLASS = {11F70 (11F41 11R39 22E50 22E55)},
  MRNUMBER = {1431508 (97k:11080)},
MRREVIEWER = {Solomon Friedberg},
       DOI = {10.1017/CBO9780511609572},
       URL = {http://dx.doi.org.login.ezproxy.library.ualberta.ca/10.1017/CBO9780511609572},
}

@book {Bump1,
    AUTHOR = {Bump, D. and Cogdell, J. W. and de Shalit, E. and Gaitsgory,
              D. and Kowalski, E. and Kudla, S. S.},
     TITLE = {An introduction to the {L}anglands program},
      NOTE = {Lectures presented at the Hebrew University of Jerusalem,
              Jerusalem, March 12--16, 2001,
              Edited by Joseph Bernstein and Stephen Gelbart},
 PUBLISHER = {Birkh\"auser Boston Inc.},
   ADDRESS = {Boston, MA},
      YEAR = {2003},
     PAGES = {x+281},
      ISBN = {0-8176-3211-5},
   MRCLASS = {11F70 (11-06 11F12 11G09 11R39 11R58)},
  MRNUMBER = {1990371 (2004g:11037)},
MRREVIEWER = {Alexey A. Panchishkin},
}
@article{BDSV,
    title={Modular categories as representations of the 3-dimensional bordism 2-category},
    author={Bruce Bartlett and Christopher L. Douglas and Christopher J. Schommer-Pries and Jamie Vicary},
    year={2015},
    eprint={1509.06811},
    archivePrefix={arXiv},
    primaryClass={math.AT}
}

%%%%%%%%%%% With C %%%%%%%%%%%%%%%%%%%%%%%%%%%
@article {CF,
    AUTHOR = {Candelori, Luca and Franc, Cameron},
     TITLE = {Vector-valued modular forms and the modular orbifold of
              elliptic curves},
   JOURNAL = {Int. J. Number Theory},
  FJOURNAL = {International Journal of Number Theory},
    VOLUME = {13},
      YEAR = {2017},
    NUMBER = {1},
     PAGES = {39--63},
      ISSN = {1793-0421},
   MRCLASS = {11F23 (11F12)},
  MRNUMBER = {3573412},
       DOI = {10.1142/S179304211750004X},
       URL = {http://dx.doi.org/10.1142/S179304211750004X},
}
		

@article {Cummins,
    AUTHOR = {Cummins, C. J.},
     TITLE = {Cusp forms like {$\Delta$}},
   JOURNAL = {Canad. Math. Bull.},
  FJOURNAL = {Canadian Mathematical Bulletin. Bulletin Canadien de
              Math\'ematiques},
    VOLUME = {52},
      YEAR = {2009},
    NUMBER = {1},
     PAGES = {53--62},
      ISSN = {0008-4395},
     CODEN = {CMBUA3},
   MRCLASS = {11F11 (11F20)},
  %MRNUMBER = {2494310 (2010e:11034)},
MRREVIEWER = {Anton Deitmar},
       DOI = {10.4153/CMB-2009-006-1},
       URL = {http://dx.doi.org/10.4153/CMB-2009-006-1},
}

%%%%%%%%%%% With D %%%%%%%%%%%%%%%%%%%%%%%%%%%
@misc{davidovich2013arithmetic,
    title={On Arithmetic Modular Categories},
    author={Orit Davidovich and Tobias Hagge and Zhenghan Wang},
    year={2013},
    eprint={1305.2229},
    archivePrefix={arXiv},
    primaryClass={math.QA}
}
@book {Deligne,
    AUTHOR = {Deligne, Pierre},
     TITLE = {\'{E}quations diff\'erentielles \`a points singuliers
              r\'eguliers},
    SERIES = {Lecture Notes in Mathematics, Vol. 163},
 PUBLISHER = {Springer-Verlag},
   ADDRESS = {Berlin},
      YEAR = {1970},
     PAGES = {iii+133},
   MRCLASS = {14D05 (14C30)},
  MRNUMBER = {0417174 (54 \#5232)},
MRREVIEWER = {Helmut Hamm},
}	
			


@article {DGMS,
    AUTHOR = {Doran, Charles F. and Gannon, Terry and Movasati, Hossein and
              Shokri, Khosro M.},
     TITLE = {Automorphic forms for triangle groups},
   JOURNAL = {Commun. Number Theory Phys.},
  FJOURNAL = {Communications in Number Theory and Physics},
    VOLUME = {7},
      YEAR = {2013},
    NUMBER = {4},
     PAGES = {689--737},
      ISSN = {1931-4523},
   MRCLASS = {11F55 (20H10)},
  MRNUMBER = {3228299},
MRREVIEWER = {O. V. Shvartsman},
       DOI = {10.4310/CNTP.2013.v7.n4.a4},
       URL = {http://dx.doi.org/10.4310/CNTP.2013.v7.n4.a4},
}
%%%%%%%%%%%%References with E %%%%%%%%%%%%%%%%%%

@book {EZ,
    AUTHOR = {Eichler, Martin and Zagier, Don},
     TITLE = {The theory of {J}acobi forms},
    SERIES = {Progress in Mathematics},
    VOLUME = {55},
 PUBLISHER = {Birkh\"auser Boston Inc.},
   ADDRESS = {Boston, MA},
      YEAR = {1985},
     PAGES = {v+148},
      ISBN = {0-8176-3180-1},
   MRCLASS = {11F11 (11F27 11F99)},
  MRNUMBER = {781735 (86j:11043)},
MRREVIEWER = {Martin L. Karel},
}

@book {Erdelyi,
    AUTHOR = {Erd{\'e}lyi, Arthur and Magnus, Wilhelm and Oberhettinger,
              Fritz and Tricomi, Francesco G.},
     TITLE = {Higher transcendental functions. {V}ol. {I}},
      NOTE = {Based on notes left by Harry Bateman,
              With a preface by Mina Rees,
              With a foreword by E. C. Watson,
              Reprint of the 1953 original},
 PUBLISHER = {Robert E. Krieger Publishing Co. Inc.},
   ADDRESS = {Melbourne, Fla.},
      YEAR = {1981},
     PAGES = {xiii+302},
      ISBN = {0-89874-069-X},
   MRCLASS = {33-02 (01A75)},
  MRNUMBER = {698779 (84h:33001a)},
}

%%%%%%%%%%%%References with F %%%%%%%%%%%%%%%%%%


@book {Fine,
    AUTHOR = {Fine, Nathan J.},
     TITLE = {Basic hypergeometric series and applications},
    SERIES = {Mathematical Surveys and Monographs},
    VOLUME = {27},
      NOTE = {With a foreword by George E. Andrews},
 PUBLISHER = {American Mathematical Society, Providence, RI},
      YEAR = {1988},
     PAGES = {xvi+124},
      ISBN = {0-8218-1524-5},
   MRCLASS = {33D15 (05A15 11P82 33-02 33D20)},
  MRNUMBER = {956465 (91j:33011)},
MRREVIEWER = {David M. Bressoud},
}	


@book {Forster,
    AUTHOR = {Forster, Otto},
     TITLE = {Lectures on {R}iemann surfaces},
    SERIES = {Graduate Texts in Mathematics},
    VOLUME = {81},
      NOTE = {Translated from the 1977 German original by Bruce Gilligan,
              Reprint of the 1981 English translation},
 PUBLISHER = {Springer-Verlag},
   ADDRESS = {New York},
      YEAR = {1991},
     PAGES = {viii+254},
      ISBN = {0-387-90617-7},
   MRCLASS = {30Fxx (14H55 32-01)},
  MRNUMBER = {1185074 (93h:30061)},
}




@article {FM3,
    AUTHOR = {Franc, Cameron and Mason, Geoffrey},
     TITLE = {Hypergeometric series, modular linear differential equations
              and vector-valued modular forms},
   JOURNAL = {Ramanujan J.},
  FJOURNAL = {Ramanujan Journal. An International Journal Devoted to the
              Areas of Mathematics Influenced by Ramanujan},
    VOLUME = {41},
      YEAR = {2016},
    NUMBER = {1-3},
     PAGES = {233--267},
      ISSN = {1382-4090},
   MRCLASS = {11F11 (11F25 33C05)},
  MRNUMBER = {3574630},
       DOI = {10.1007/s11139-014-9644-x},
       URL = {http://dx.doi.org/10.1007/s11139-014-9644-x},
}

@article {FM2,
    AUTHOR = {Franc, Cameron and Mason, Geoffrey},
     TITLE = {Three-dimensional imprimitive representations of the modular
              group and their associated modular forms},
   JOURNAL = {J. Number Theory},
  FJOURNAL = {Journal of Number Theory},
    VOLUME = {160},
      YEAR = {2016},
     PAGES = {186--214},
      ISSN = {0022-314X},
   MRCLASS = {11F30 (11F12 11F33)},
  MRNUMBER = {3425204},
MRREVIEWER = {Kazuyuki Hatada},
       DOI = {10.1016/j.jnt.2015.08.013},
       URL = {http://dx.doi.org/10.1016/j.jnt.2015.08.013},
}

@article {FM1,
    AUTHOR = {Franc, Cameron and Mason, Geoffrey},
     TITLE = {Fourier coefficients of vector-valued modular forms of
              dimension 2},
   JOURNAL = {Canad. Math. Bull.},
  FJOURNAL = {Canadian Mathematical Bulletin. Bulletin Canadien de
              Math\'ematiques},
    VOLUME = {57},
      YEAR = {2014},
    NUMBER = {3},
     PAGES = {485--494},
      ISSN = {0008-4395},
   MRCLASS = {11F41 (11G99)},
  MRNUMBER = {3239110},
MRREVIEWER = {M. Ram Murty},
       DOI = {10.4153/CMB-2014-007-3},
       URL = {http://dx.doi.org/10.4153/CMB-2014-007-3},
}			
%%%%% With G %%%%%%%%%%%%%%%%%%%%%%%%%%%%%%


@incollection {Gannon1,
    AUTHOR = {Gannon, Terry},
     TITLE = {The theory of vector-valued modular forms for the modular
              group},
 BOOKTITLE = {Conformal field theory, automorphic forms and related topics},
    SERIES = {Contrib. Math. Comput. Sci.},
    VOLUME = {8},
     PAGES = {247--286},
 PUBLISHER = {Springer, Heidelberg},
      YEAR = {2014},
   MRCLASS = {11F22},
  MRNUMBER = {3559207},
}

@book {Gannon2,
    AUTHOR = {Gannon, Terry},
     TITLE = {Moonshine beyond the {M}onster},
    SERIES = {Cambridge Monographs on Mathematical Physics},
      NOTE = {The bridge connecting algebra, modular forms and physics},
 PUBLISHER = {Cambridge University Press},
   ADDRESS = {Cambridge},
      YEAR = {2006},
     PAGES = {xiv+477},
      ISBN = {978-0-521-83531-2; 0-521-83531-3},
   MRCLASS = {17B69 (11F22 20C34 20D08)},
  MRNUMBER = {MR2257727 (2008a:17032)},
MRREVIEWER = {Geoffrey Mason},
}

@book {Gasper,
   AUTHOR = {Gasper, George and Rahman, Mizan},
     TITLE = {Basic hypergeometric series},
    SERIES = {Encyclopedia of Mathematics and its Applications},
    VOLUME = {96},
   EDITION = {Second},
      NOTE = {With a foreword by Richard Askey}, 
      PUBLISHER = {Cambridge University Press, Cambridge},
      YEAR = {2004}, 
      PAGES = {xxvi+428}, 
      ISBN = {0-521-83357-4},
      MRCLASS = {33Dxx (05A30 05E35 33-01 33-02)}, 
      MRNUMBER = {2128719 (2006d:33028)},
      MRREVIEWER = {Shaun Cooper},    
      DOI = {10.1017/CBO9780511526251},
      URL = {http://dx.doi.org/10.1017/CBO9780511526251},
  }

	
@incollection {Gordon,
    AUTHOR = {Gordon, Basil and McIntosh, Richard J.},
     TITLE = {A survey of classical mock theta functions},
 BOOKTITLE = {Partitions, {$q$}-series, and modular forms},
    SERIES = {Dev. Math.},
   VOLUME = {23},
    PAGES = {95--144},
 PUBLISHER = {Springer, New York},
      YEAR = {2012},
   MRCLASS = {33D15 (11F27 11F37)},
  MRNUMBER = {3051186},
MRREVIEWER = {Olivier Mallet},
       DOI = {10.1007/978-1-4614-0028-8_9},
       URL = {http://dx.doi.org/10.1007/978-1-4614-0028-8_9},
}	

@article {GOR,
    AUTHOR = {Griffin, Michael and Ono, Ken and Rolen, Larry},   
    TITLE = {Ramanujan's mock theta functions},  
    JOURNAL = {Proc. Natl. Acad. Sci. USA},  
    FJOURNAL = {Proceedings of the National Academy of Sciences of the United States of America},   VOLUME = {110},     
     YEAR = {2013},  
     NUMBER = {15},     
     PAGES = {5765--5768},    
       ISSN = {1091-6490},  
        MRCLASS = {11F27}, 
         MRNUMBER = {3065809}, 
         MRREVIEWER = {Min Ho Lee},     
          DOI = {10.1073/pnas.1300345110},   
             URL = {http://dx.doi.org/10.1073/pnas.1300345110},
             }

%%%%%%%%%%%%%With H %%%%%%%%%%%%%%%%%%

@article {Hell,
    AUTHOR = {Helling, Heinz},
     TITLE = {Bestimmung der {K}ommensurabilit\"atsklasse der {H}ilbertschen
              {M}odulgruppe},
   JOURNAL = {Math. Z.},
  FJOURNAL = {Mathematische Zeitschrift},
    VOLUME = {92},
      YEAR = {1966},
     PAGES = {269--280},
      ISSN = {0025-5874},
   MRCLASS = {10.21},
  %MRNUMBER = {0228437 (37 \#4017)},
MRREVIEWER = {K. G. Ramanathan},
}

@book{Hille,
 address              = {Mineola, NY},
 author               = {Hille, Einar},
 note                 = {Reprint of the 1976 original},
 pages                = {xii+484},
 publisher            = {Dover Publications Inc.},
 title                = {Ordinary differential equations in the complex domain},
 year                 = {1997},
 }


@article {Hickerson,  
AUTHOR = {Hickerson, Dean},    
TITLE = {A proof of the mock theta conjectures},  
 JOURNAL = {Invent. Math.},  
 FJOURNAL = {Inventiones Mathematicae},   
  VOLUME = {94},      
  YEAR = {1988},   
   NUMBER = {3},  
     PAGES = {639--660},     
      ISSN = {0020-9910},     
      CODEN = {INVMBH},  
       MRCLASS = {11F11},  
       MRNUMBER = {969247 (90f:11028a)}, 
       MRREVIEWER = {Don Redmond},     
         DOI = {10.1007/BF01394279},      
          URL = {http://dx.doi.org/10.1007/BF01394279},
  }

%%%%%%%%%%%%%%%With K %%%%%%%%%%%%%%%%%%%

@article {Kimura-Shima,
    AUTHOR = {Kimura, Tosihusa and Shima, Kazuhisa},
     TITLE = {On the monodromy representation of an irreducible
              hypergeometric differential equation},
   JOURNAL = {Mem. Fac. Sci. Kyushu Univ. Ser. A},
  FJOURNAL = {Memoirs of the Faculty of Science. Kyushu University. Series
              A. Mathematics},
    VOLUME = {46},
      YEAR = {1992},
    NUMBER = {1},
     PAGES = {137--167},
      ISSN = {0373-6385},
     CODEN = {MFKAAF},
   MRCLASS = {33C05 (32G34 34A20)},
  MRNUMBER = {1162265 (93d:33001)},
MRREVIEWER = {N. Hayek Calil},
       DOI = {10.2206/kyushumfs.46.137},
       URL = {http://dx.doi.org/10.2206/kyushumfs.46.137},
}


@book {Knopp,
    AUTHOR = {Knopp, Marvin I.},
     TITLE = {Modular functions in analytic number theory},
 PUBLISHER = {Markham Publishing Co., Chicago, Ill.},
      YEAR = {1970},
     PAGES = {x+150},
   MRCLASS = {10.20},
  MRNUMBER = {0265287 (42 \#198)},
MRREVIEWER = {E. Grosswald},
}
		
@article {Knopp1,
    AUTHOR = {Knopp, Marvin and Mason, Geoffrey},
     TITLE = {On vector-valued modular forms and their {F}ourier
              coefficients},
   JOURNAL = {Acta Arith.},
  FJOURNAL = {Acta Arithmetica},
    VOLUME = {110},
      YEAR = {2003},
    NUMBER = {2},
     PAGES = {117--124},
      ISSN = {0065-1036},
     CODEN = {AARIA9},
   MRCLASS = {11F30 (11F11)},
  MRNUMBER = {2008079 (2004j:11043)},
MRREVIEWER = {Thomas R. Shemanske},
       DOI = {10.4064/aa110-2-2},
       URL = {http://dx.doi.org.login.ezproxy.library.ualberta.ca/10.4064/aa110-2-2},
}

@article {Knopp2,
    AUTHOR = {Knopp, Marvin and Mason, Geoffrey},
     TITLE = {Revisions to ``{P}arabolic generalized modular forms and their
              characters'' [MR2553511]},
   JOURNAL = {Int. J. Number Theory},
  FJOURNAL = {International Journal of Number Theory},
    VOLUME = {8},
      YEAR = {2012},
    NUMBER = {4},
     PAGES = {859--864},
      ISSN = {1793-0421},
   MRCLASS = {11F03},
  MRNUMBER = {2926548},
       DOI = {10.1142/S1793042112500509},
       URL = {http://dx.doi.org.login.ezproxy.library.ualberta.ca/10.1142/S1793042112500509},
}


@article {Knopp3,
    AUTHOR = {Knopp, Marvin and Mason, Geoffrey},
     TITLE = {Logarithmic vector-valued modular forms},
   JOURNAL = {Acta Arith.},
  FJOURNAL = {Acta Arithmetica},
    VOLUME = {147},
      YEAR = {2011},
    NUMBER = {3},
     PAGES = {261--262},
      ISSN = {0065-1036},
     CODEN = {AARIA9},
   MRCLASS = {11F11},
  MRNUMBER = {2773205 (2012c:11094)},
MRREVIEWER = {Thomas R. Shemanske},
       DOI = {10.4064/aa147-3-6},
       URL = {http://dx.doi.org.login.ezproxy.library.ualberta.ca/10.4064/aa147-3-6},
}
		
@article {Knopp4,
    AUTHOR = {Knopp, Marvin and Mason, Geoffrey},
     TITLE = {Vector-valued modular forms and {P}oincar\'e series},
   JOURNAL = {Illinois J. Math.},
  FJOURNAL = {Illinois Journal of Mathematics},
    VOLUME = {48},
      YEAR = {2004},
    NUMBER = {4},
     PAGES = {1345--1366},
      ISSN = {0019-2082},
     CODEN = {IJMTAW},
   MRCLASS = {11F11 (30F35)},
  MRNUMBER = {2114161 (2005k:11086)},
MRREVIEWER = {Thomas R. Shemanske},
       URL = {http://projecteuclid.org.login.ezproxy.library.ualberta.ca/getRecord?id=euclid.ijm/1258138515},
}		


@article {Knopp5,
    AUTHOR = {Knopp, Marvin and Mason, Geoffrey},
     TITLE = {Generalized modular forms},
   JOURNAL = {J. Number Theory},
  FJOURNAL = {Journal of Number Theory},
    VOLUME = {99},
      YEAR = {2003},
    NUMBER = {1},
     PAGES = {1--28},
      ISSN = {0022-314X},
     CODEN = {JNUTA9},
   MRCLASS = {11F11},
  MRNUMBER = {1957241 (2003k:11061)},
MRREVIEWER = {Thomas R. Shemanske},
       DOI = {10.1016/S0022-314X(02)00065-3},
       URL = {http://dx.doi.org.login.ezproxy.library.ualberta.ca/10.1016/S0022-314X(02)00065-3},
}

@book {Kubert, 
AUTHOR = {Kubert, Daniel S. and Lang, Serge}, 
TITLE = {Modular units}, 
SERIES = {Grundlehren der Mathematischen Wissenschaften [Fundamental  Principles of Mathematical Science]}, 
VOLUME = {244}, 
PUBLISHER = {Springer-Verlag, New York-Berlin},   
 YEAR = {1981},  
 PAGES = {xiii+358},   
    ISBN = {0-387-90517-0},  
     MRCLASS = {12A45 (10D05 14G25)},
       MRNUMBER = {648603 (84h:12009)},
       MRREVIEWER = {Roland Gillard},
 }	


@article {KL1,
    AUTHOR = {Kurth, Chris A. and Long, Ling},
     TITLE = {On modular forms for some noncongruence subgroups of {${\rm
              SL}_2(\Bbb Z)$}},
   JOURNAL = {J. Number Theory},
  FJOURNAL = {Journal of Number Theory},
    VOLUME = {128},
      YEAR = {2008},
    NUMBER = {7},
     PAGES = {1989--2009},
      ISSN = {0022-314X},
     CODEN = {JNUTA9},
   MRCLASS = {11F30 (11F11)},
  %MRNUMBER = {2423745 (2010c:11055)},
MRREVIEWER = {B. Ramakrishnan},
       DOI = {10.1016/j.jnt.2007.10.007},
       URL = {http://dx.doi.org/10.1016/j.jnt.2007.10.007},
}

@article {KL2,
    AUTHOR = {Kurth, Chris and Long, Ling},
     TITLE = {On modular forms for some noncongruence subgroups of {${\rm
              SL}_2(\Bbb Z)$}. {II}},
   JOURNAL = {Bull. Lond. Math. Soc.},
  FJOURNAL = {Bulletin of the London Mathematical Society},
    VOLUME = {41},
      YEAR = {2009},
    NUMBER = {4},
     PAGES = {589--598},
      ISSN = {0024-6093},
   MRCLASS = {11F11 (11F33)},
  MRNUMBER = {2521354 (2010i:11053)},
MRREVIEWER = {B. Ramakrishnan},
       DOI = {10.1112/blms/bdp061},
       URL = {http://dx.doi.org/10.1112/blms/bdp061},
}

@book {SK1,
    AUTHOR = {Katok, Svetlana},
     TITLE = {Fuchsian groups},
    SERIES = {Chicago Lectures in Mathematics},
 PUBLISHER = {University of Chicago Press},
   ADDRESS = {Chicago, IL},
      YEAR = {1992},
     PAGES = {x+175},
      ISBN = {0-226-42582-7; 0-226-42583-5},
   MRCLASS = {20H10 (30F35)},
  MRNUMBER = {1177168 (93d:20088)},
MRREVIEWER = {I. Kra},
}

@book {Koblitz,
    AUTHOR = {Koblitz, Neal},
     TITLE = {Introduction to elliptic curves and modular forms},
    SERIES = {Graduate Texts in Mathematics},
    VOLUME = {97},
   EDITION = {Second},
 PUBLISHER = {Springer-Verlag},
   ADDRESS = {New York},
      YEAR = {1993},
     PAGES = {x+248},
      ISBN = {0-387-97966-2},
   MRCLASS = {11G05 (11F11 11F37 11G40 14H52)},
  MRNUMBER = {1216136 (94a:11078)},
}

%%%%%%%%%%% With L %%%%%%%%%%%%%%%%%%%%%%%%%%%

@book {Lam,
    AUTHOR = {Lam, T. Y.},
     TITLE = {Serre's problem on projective modules},
    SERIES = {Springer Monographs in Mathematics},
 PUBLISHER = {Springer-Verlag},
   ADDRESS = {Berlin},
      YEAR = {2006},
     PAGES = {xxii+401},
      ISBN = {978-3-540-23317-6; 3-540-23317-2},
   MRCLASS = {13C10},
  MRNUMBER = {2235330 (2007b:13014)},
       DOI = {10.1007/978-3-540-34575-6},
       URL = {http://dx.doi.org.login.ezproxy.library.ualberta.ca/10.1007/978-3-540-34575-6},
}


@book {Levelt1,
    AUTHOR = {Levelt, Antonius Henricus Maria},
     TITLE = {Hypergeometric functions},
    SERIES = {Doctoral thesis, University of Amsterdam},
 PUBLISHER = {Drukkerij Holland N. V., Amsterdam},
      YEAR = {1961},
     PAGES = {xi+42},
   MRCLASS = {33.20 (14.18)},
  MRNUMBER = {0145108 (26 \#2643)},
MRREVIEWER = {L. J. Slater},
}

@incollection{Long1,
 address              = {Providence, RI},
 author               = {Long, Ling},
 booktitle            = {Modular forms and string duality},
 pages                = {83--102},
 publisher            = {Amer. Math. Soc.},
 series               = {Fields Inst. Commun.},
 title                = {Finite index subgroups of the modular group and their modular forms},
 volume               = {54},
 year                 = {2008},
 }

@article {LiLong,
    AUTHOR = {Li, Wen-Ching Winnie and Long, Ling},
     TITLE = {Fourier coefficients of noncongruence cuspforms},
   JOURNAL = {Bull. Lond. Math. Soc.},
  FJOURNAL = {Bulletin of the London Mathematical Society},
    VOLUME = {44},
      YEAR = {2012},
    NUMBER = {3},
     PAGES = {591--598},
      ISSN = {0024-6093},
   MRCLASS = {11F11 (11F30)},
  MRNUMBER = {2967004},
MRREVIEWER = {Jeremy A. Rouse},
       DOI = {10.1112/blms/bdr122},
       URL = {http://dx.doi.org/10.1112/blms/bdr122},
}

%%%%%%%%%%%%%% with M %%%%%%%%%%%%%%%%%%%%%%%%%

@book {MKS,
    AUTHOR = {Magnus, Wilhelm and Karrass, Abraham and Solitar, Donald},
     TITLE = {Combinatorial group theory},
   EDITION = {second},
      NOTE = {Presentations of groups in terms of generators and relations},
 PUBLISHER = {Dover Publications, Inc., Mineola, NY},
      YEAR = {2004},
     PAGES = {xii+444},
      ISBN = {0-486-43830-9},
   MRCLASS = {20E05 (05A15 20E06 20F12)},
  MRNUMBER = {2109550 (2005h:20052)},
}

@article {M1,
    AUTHOR = {Mason, Geoffrey},
     TITLE = {Vector-valued modular forms and linear differential operators},
   JOURNAL = {Int. J. Number Theory},
  FJOURNAL = {International Journal of Number Theory},
    VOLUME = {3},
      YEAR = {2007},
    NUMBER = {3},
     PAGES = {377--390},
      ISSN = {1793-0421},
   MRCLASS = {11F25 (11F11)},
  MRNUMBER = {2352826 (2008h:11038)},
MRREVIEWER = {Thomas R. Shemanske},
       DOI = {10.1142/S1793042107000973},
       URL = {http://dx.doi.org.login.ezproxy.library.ualberta.ca/10.1142/S1793042107000973},
}
		

@article{M3,
 author               = {Mason, Geoffrey},
 journal              = {unpublished work},
 title                = {Fourier coefficients of indecomposable two-dimensional vector-valued modular forms},
 year                 = {2011},
 }

@article {M4,
    AUTHOR = {Mason, Geoffrey},
     TITLE = {On the {F}ourier coefficients of 2-dimensional vector-valued
              modular forms},
   JOURNAL = {Proc. Amer. Math. Soc.},
  FJOURNAL = {Proceedings of the American Mathematical Society},
    VOLUME = {140},
      YEAR = {2012},
    NUMBER = {6},
     PAGES = {1921--1930},
      ISSN = {0002-9939},
     CODEN = {PAMYAR},
   MRCLASS = {11F30 (11F25)},
 % MRNUMBER = {2888179},
MRREVIEWER = {Thomas R. Shemanske},
       DOI = {10.1090/S0002-9939-2011-11098-0},
       URL = {http://dx.doi.org/10.1090/S0002-9939-2011-11098-0},
}

@article {M5,
    AUTHOR = {Mason, Geoffrey},
     TITLE = {2-dimensional vector-valued modular forms},
   JOURNAL = {Ramanujan J.},
  FJOURNAL = {Ramanujan Journal. An International Journal Devoted to the
              Areas of Mathematics Influenced by Ramanujan},
    VOLUME = {17},
      YEAR = {2008},
    NUMBER = {3},
     PAGES = {405--427},
      ISSN = {1382-4090},
     CODEN = {RAJOF9},
   MRCLASS = {11F11 (11F12)},
  %MRNUMBER = {2456842 (2009j:11070)},
MRREVIEWER = {Marvin I. Knopp},
       DOI = {10.1007/s11139-007-9054-4},
       URL = {http://dx.doi.org/10.1007/s11139-007-9054-4},
}
		

@article {Marks1,
    AUTHOR = {Marks, Christopher},
     TITLE = {Irreducible vector-valued modular forms of dimension less than
              six},
   JOURNAL = {Illinois J. Math.},
  FJOURNAL = {Illinois Journal of Mathematics},
    VOLUME = {55},
      YEAR = {2011},
    NUMBER = {4},
     PAGES = {1267--1297 (2013)},
      ISSN = {0019-2082},
   MRCLASS = {11F03},
  MRNUMBER = {3082869},
MRREVIEWER = {Thomas R. Shemanske},
       URL = {http://projecteuclid.org/euclid.ijm/1373636684},
}

@article {Marks2,
    AUTHOR = {Marks, Christopher},
     TITLE = {Fourier coefficients of three-dimensional vector-valued
              modular forms},
   JOURNAL = {Commun. Number Theory Phys.},
  FJOURNAL = {Communications in Number Theory and Physics},
    VOLUME = {9},
      YEAR = {2015},
    NUMBER = {2},
     PAGES = {387--412},
      ISSN = {1931-4523},
   MRCLASS = {11F30},
  MRNUMBER = {3361298},
MRREVIEWER = {Baiying Liu},
       DOI = {10.4310/CNTP.2015.v9.n2.a5},
       URL = {http://dx.doi.org/10.4310/CNTP.2015.v9.n2.a5},
}
 
 @article {Marks3,
    AUTHOR = {Marks, Christopher and Mason, Geoffrey},
     TITLE = {Structure of the module of vector-valued modular forms},
   JOURNAL = {J. Lond. Math. Soc. (2)},
  FJOURNAL = {Journal of the London Mathematical Society. Second Series},
    VOLUME = {82},
      YEAR = {2010},
    NUMBER = {1},
     PAGES = {32--48},
      ISSN = {0024-6107},
   MRCLASS = {11F11},
  MRNUMBER = {2669639 (2011i:11062)},
MRREVIEWER = {Thomas R. Shemanske},
       DOI = {10.1112/jlms/jdq020},
       URL = {http://dx.doi.org.login.ezproxy.library.ualberta.ca/10.1112/jlms/jdq020},
}


	
@book {Marks4,
    AUTHOR = {Marks, Christopher Edwin},
     TITLE = {Classification of vector-valued modular forms of dimension
              less than six},
      NOTE = {Thesis (Ph.D.)--University of California, Santa Cruz},
 PUBLISHER = {ProQuest LLC, Ann Arbor, MI},
      YEAR = {2009},
     PAGES = {127},
      ISBN = {978-1109-28977-0},
   MRCLASS = {Thesis},
  MRNUMBER = {2713457},
       URL =
              {http://gateway.proquest.com.login.ezproxy.library.ualberta.ca/openurl?url_ver=Z39.88-2004&rft_val_fmt=info:ofi/fmt:kev:mtx:dissertation&res_dat=xri:pqdiss&rft_dat=xri:pqdiss:3367734},
}		
@misc{mignard2017modular,
    title={Modular categories are not determined by their modular data},
    author={Michaël Mignard and Peter Schauenburg},
    year={2017},
    eprint={1708.02796},
    archivePrefix={arXiv},
    primaryClass={math.QA}
}	

@article{MS1,
 author               = {Movasati, Hossein and Shokri, Khosro M.},
 journal              = {arXiv:1306.5662 },
 title                = {Modular-type functions attached to Calabi-Yau varieties: integrality properties},
 year                 = {2013},
 }


%%%%%%%%%%%%%% With O %%%%%%%%%%%%%%%%%%%%

@book {Ono,    
AUTHOR = {Ono, Ken},    
TITLE = {The web of modularity: arithmetic of the coefficients of modular forms and {$q$}-series},    SERIES = {CBMS Regional Conference Series in Mathematics},   
 VOLUME = {102}, 
 PUBLISHER = {Published for the Conference Board of the Mathematical  Sciences, Washington, DC; by the American Mathematical  Society, Providence, RI},     
 YEAR = {2004},    
 PAGES = {viii+216},     
  ISBN = {0-8218-3368-5},   
   MRCLASS = {11F30 (05A30 11F11 11F37)},  
   MRNUMBER = {2020489 (2005c:11053)},
   MRREVIEWER = {Kevin L. James},
   }		
   		
%%%%%%%%%%%%%%%Start With P %%%%%%%%%%%%%%%%%
@article {Pellarin2012,
    AUTHOR = {Pellarin, Federico},
     TITLE = {Values of certain {$L$}-series in positive characteristic},
   JOURNAL = {Ann. of Math. (2)},
  FJOURNAL = {Annals of Mathematics. Second Series},
    VOLUME = {176},
      YEAR = {2012},
    NUMBER = {3},
     PAGES = {2055--2093},
      ISSN = {0003-486X},
   MRCLASS = {11M38 (11F52)},
  MRNUMBER = {2979866},
MRREVIEWER = {Driss Essouabri},
       DOI = {10.4007/annals.2012.176.3.13},
       URL = {http://dx.doi.org/10.4007/annals.2012.176.3.13},
}
		

@article {PP2016,
    AUTHOR = {Pellarin, F. and Perkins, R. B.},
     TITLE = {On certain generating functions in positive characteristic},
   JOURNAL = {Monatsh. Math.},
  FJOURNAL = {Monatshefte f\"ur Mathematik},
    VOLUME = {180},
      YEAR = {2016},
    NUMBER = {1},
     PAGES = {123--144},
      ISSN = {0026-9255},
   MRCLASS = {11M38},
  MRNUMBER = {3488559},
MRREVIEWER = {Ayyadurai Sankaranarayanan},
       DOI = {10.1007/s00605-016-0880-6},
       URL = {http://dx.doi.org/10.1007/s00605-016-0880-6},
}
		

@article{PP032016,
 author               = {Pellarin, Federico and Perkins, Rudolph},
 journal              = {arXiv:1603.07914 },
 title                = {Vectorial Drinfeld modular forms over Tate algebras},
 year                 = {2016},
 }
		
		
		
		
%%%%%%%%%%%%%%% With R %%%%%%%%%%%%%%%%%%%%%%

@book {Rankin,
    AUTHOR = {Rankin, Robert A.},
     TITLE = {Modular forms and functions},
 PUBLISHER = {Cambridge University Press},
   ADDRESS = {Cambridge},
      YEAR = {1977},
     PAGES = {xiii+384},
      ISBN = {0-521-21212-X},
   MRCLASS = {10DXX},
  MRNUMBER = {0498390 (58 \#16518)},
MRREVIEWER = {K.-B. Gundlach},
}

%%%%%%%%%%%%%%% With S %%%%%%%%%%%%%%%%%%%%%%%%%%%


@book {Sansone,
    AUTHOR = {Sansone, Giovanni and Gerretsen, Johan},
     TITLE = {Lectures on the theory of functions of a complex variable.
              {II}: {G}eometric theory},
 PUBLISHER = {Wolters-Noordhoff Publishing, Groningen},
      YEAR = {1969},
     PAGES = {x+700},
   MRCLASS = {30.00},
  MRNUMBER = {0259072 (41 \#3714)},
MRREVIEWER = {G. G. Weill},
}


@article{Scholl1,
 author               = {Scholl, A. J.},
 fjournal             = {Inventiones Mathematicae},
 journal              = {Invent. Math.},
 number               = {1},
 pages                = {49--77},
 title                = {Modular forms and de {R}ham cohomology; {A}tkin-{S}winnerton-{D}yer congruences},
 volume               = {79},
 year                 = {1985},
 }

@incollection{Scholl2,
 address              = {Boston, MA},
 author               = {Scholl, A. J.},
 booktitle            = {S\'eminaire de {T}h\'eorie des {N}ombres, {P}aris 1985--86},
 pages                = {199--206},
 publisher            = {Birkh\"auser Boston},
 series               = {Progr. Math.},
 title                = {Modular forms on noncongruence subgroups},
 volume               = {71},
 year                 = {1987},
 }
 
 @article {schur,
    AUTHOR = {Schur, Issai},
     TITLE = {On {F}aber polynomials},
   JOURNAL = {Amer. J. Math.},
  FJOURNAL = {American Journal of Mathematics},
    VOLUME = {67},
      YEAR = {1945},
     PAGES = {33--41},
      ISSN = {0002-9327},
   MRCLASS = {40.0X},
  MRNUMBER = {0011740 (6,210b)},
MRREVIEWER = {G. Szeg{\"o}},
}


@article{Sebbar, 
author                ={Sebbar, A and Saber, H},
title                    ={Vector-valued automorphic forms and vector bundles},
note                  ={arXiv:1312.2992v3},
}


@incollection {Selberg,
    AUTHOR = {Selberg, Atle},
     TITLE = {On the estimation of {F}ourier coefficients of modular forms},
 BOOKTITLE = {Proc. {S}ympos. {P}ure {M}ath., {V}ol. {VIII}},
     PAGES = {1--15},
 PUBLISHER = {Amer. Math. Soc.},
   ADDRESS = {Providence, R.I.},
      YEAR = {1965},
   MRCLASS = {10.20},
  MRNUMBER = {0182610 (32 \#93)},
MRREVIEWER = {J. R. Smart},
}

@book {sibuya,
    AUTHOR = {Sibuya, Yasutaka},
     TITLE = {Linear differential equations in the complex domain: problems
              of analytic continuation},
    SERIES = {Translations of Mathematical Monographs},
    VOLUME = {82},
      NOTE = {Translated from the Japanese by the author},
 PUBLISHER = {American Mathematical Society, Providence, RI},
      YEAR = {1990},
     PAGES = {xiv+269},
      ISBN = {0-8218-4535-7},
   MRCLASS = {34A20 (32D20 34-02)},
  MRNUMBER = {1084379 (92a:34010)},
MRREVIEWER = {W. Balser},
}


@book {Shimura1,
    AUTHOR = {Shimura, Goro},
     TITLE = {Introduction to the arithmetic theory of automorphic
              functions},
      NOTE = {Kan{\^o} Memorial Lectures, No. 1},
 PUBLISHER = {Publications of the Mathematical Society of Japan, No. 11.
              Iwanami Shoten, Publishers, Tokyo},
      YEAR = {1971},
     PAGES = {xiv+267},
   MRCLASS = {10D10 (12-02 14K22)},
  %MRNUMBER = {0314766 (47 \#3318)},
MRREVIEWER = {A. N. Andrianov},
}

@book {Slater,
    AUTHOR = {Slater, Lucy Joan},
     TITLE = {Generalized hypergeometric functions},
 PUBLISHER = {Cambridge University Press},
   ADDRESS = {Cambridge},
      YEAR = {1966},
     PAGES = {xiii+273},
   MRCLASS = {33.20},
  MRNUMBER = {0201688 (34 \#1570)},
MRREVIEWER = {S. C. van Veen},
}


%%%%%%%%%%%%%% With T %%%%%%%%%%%%%%%%%%%%%%%%%%%

@article {Takeuchi1,
    AUTHOR = {Takeuchi, Kisao},
     TITLE = {Arithmetic triangle groups},
   JOURNAL = {J. Math. Soc. Japan},
  FJOURNAL = {Journal of the Mathematical Society of Japan},
    VOLUME = {29},
      YEAR = {1977},
    NUMBER = {1},
     PAGES = {91--106},
      ISSN = {0025-5645},
   MRCLASS = {10D05},
  %MRNUMBER = {0429744 (55 \#2754)},
MRREVIEWER = {Roy Fuller},
}

%%%%%%%%%%% With V  %%%%%%%%%%%%%%%%%%%%%%%%%%%

@book {Venkov,
    AUTHOR = {Venkov, Alexei B.},
     TITLE = {Spectral theory of automorphic functions and its applications},
    SERIES = {Mathematics and its Applications (Soviet Series)},
    VOLUME = {51},
      NOTE = {Translated from the Russian by N. B. Lebedinskaya},
 PUBLISHER = {Kluwer Academic Publishers Group},
   ADDRESS = {Dordrecht},
      YEAR = {1990},
     PAGES = {xiv+176},
      ISBN = {0-7923-0487-X},
   MRCLASS = {11F72 (11F12)},
  MRNUMBER = {1135112 (93a:11046)},
MRREVIEWER = {Daniel Bump},
}


%%%%%%%%%%% With W %%%%%%%%%%%%%%%%%%%%%%%%%%%
@article {Watson,  
AUTHOR = {Watson, G. N.}, 
TITLE = {The {F}inal {P}roblem : {A}n {A}ccount of the {M}ock {T}heta  {F}unctions}, J
OURNAL = {J. London Math. Soc.}, 
FJOURNAL = {The Journal of the London Mathematical Society}, 
VOLUME = {S1-11},
 NUMBER = {1}, 
 PAGES = {55}, 
 MRCLASS = {Contributed Item}, 
 MRNUMBER = {1573993}, 
 DOI = {10.1112/jlms/s1-11.1.55}, 
 URL = {http://dx.doi.org/10.1112/jlms/s1-11.1.55},
 }	

@book {WW,
    AUTHOR = {Whittaker, E. T. and Watson, G. N.},
     TITLE = {A course of modern analysis. {A}n introduction to the general
              theory of infinite processes and of analytic functions: with
              an account of the principal transcendental functions},
    SERIES = {Fourth edition. Reprinted},
 PUBLISHER = {Cambridge University Press, New York},
      YEAR = {1962},
     PAGES = {vii+608},
   MRCLASS = {30.00},
  MRNUMBER = {0178117 (31 \#2375)},
}


@article{W,
 author               = {Wohlfahrt, Klaus},
 fjournal             = {Illinois Journal of Mathematics},
 journal              = {Illinois J. Math.},
 pages                = {529--535},
 title                = {An extension of {F}. {K}lein's level concept},
 volume               = {8},
 year                 = {1964},
 }

%%%%%%%%%%% With Z %%%%%%%%%%%%%%%%%%%%%%%%%%
@article {Zemel,
    AUTHOR = {Zemel, Shaul},
     TITLE = {On quasi-modular forms, almost holomorphic modular forms, and
              the vector-valued modular forms of {S}himura},
   JOURNAL = {Ramanujan J.},
  FJOURNAL = {Ramanujan Journal. An International Journal Devoted to the
              Areas of Mathematics Influenced by Ramanujan},
    VOLUME = {37},
      YEAR = {2015},
    NUMBER = {1},
     PAGES = {165--180},
      ISSN = {1382-4090},
   MRCLASS = {11F12},
  MRNUMBER = {3338044},
MRREVIEWER = {Dominic A. Lanphier},
       DOI = {10.1007/s11139-014-9602-7},
       URL = {http://dx.doi.org/10.1007/s11139-014-9602-7},
}
	
	

@incollection {Zwegers01,
    AUTHOR = {Zwegers, S. P.},
     TITLE = {Mock {$\theta$}-functions and real analytic modular forms},
 BOOKTITLE = {{$q$}-series with applications to combinatorics, number
              theory, and physics ({U}rbana, {IL}, 2000)},
    SERIES = {Contemp. Math.},
    VOLUME = {291},
     PAGES = {269--277},
 PUBLISHER = {Amer. Math. Soc., Providence, RI},
      YEAR = {2001},
   MRCLASS = {11F27 (33D15)},
  MRNUMBER = {1874536 (2003f:11061)},
MRREVIEWER = {Bruce C. Berndt},
       DOI = {10.1090/conm/291/04907},
       URL = {http://dx.doi.org/10.1090/conm/291/04907},
 }

@book{Zwegers02,
AUTHOR = {Zwegers, S. P.},
TITLE ={Mock theta functions},
 PUBLISHER = {Ph.D. Thesis (Advisor: D. Zagier), Universiteit Utrecht, (2002)},
 }

@article {Zagier, 
AUTHOR = {Zagier, Don},
 TITLE = {Ramanujan's mock theta functions and their applications (after {Z}wegers and {O}no-{B}ringmann)}, 
 NOTE = {S{\'e}minaire Bourbaki. Vol. 2007/2008}, 
 JOURNAL = {Ast\'erisque}, 
  FJOURNAL = {Ast\'erisque}, 
  NUMBER = {326}, 
  YEAR = {2009},
   PAGES = {Exp. No. 986, vii--viii, 143--164 (2010)},  
   ISSN = {0303-1179}, 
   ISBN = {978-285629-269-3}, 
   MRCLASS = {11F37 (11F03 11P84 33-02 33F99)}, 
   MRNUMBER = {2605321 (2011h:11049)}, 
   MRREVIEWER = {Amanda Folsom},
   }



		

%%%%%%%%%%%%%%%%%%%%%%%%%%%%%%%%%%%%
@book {BK,
    AUTHOR = {Bakalov, Bojko and Kirillov, Jr., Alexander},
     TITLE = {Lectures on tensor categories and modular functors},
    SERIES = {University Lecture Series},
    VOLUME = {21},
 PUBLISHER = {American Mathematical Society, Providence, RI},
      YEAR = {2001},
     PAGES = {x+221},
      ISBN = {0-8218-2686-7},
   MRCLASS = {18D10 (17B37 57M27 57R56 81R50 81T40 81T45)},
  MRNUMBER = {1797619},
MRREVIEWER = {J. Stasheff},
}
@article {BNRW,
    AUTHOR = {Bruillard, Paul and Ng, Siu-Hung and Rowell, Eric C. and Wang,
              Zhenghan},
     TITLE = {On classification of modular categories by rank},
   JOURNAL = {Int. Math. Res. Not. IMRN},
  FJOURNAL = {International Mathematics Research Notices. IMRN},
      YEAR = {2016},
    NUMBER = {24},
     PAGES = {7546--7588},
      ISSN = {1073-7928},
   MRCLASS = {18D10},
  MRNUMBER = {3632091},
MRREVIEWER = {Nadia P. Mazza},
       DOI = {10.1093/imrn/rnw020},
       URL = {https://doi.org/10.1093/imrn/rnw020},
}
@book {EGNO,
    AUTHOR = {Etingof, Pavel and Gelaki, Shlomo and Nikshych, Dmitri and
              Ostrik, Victor},
     TITLE = {Tensor categories},
    SERIES = {Mathematical Surveys and Monographs},
    VOLUME = {205},
 PUBLISHER = {American Mathematical Society, Providence, RI},
      YEAR = {2015},
     PAGES = {xvi+343},
      ISBN = {978-1-4704-2024-6},
   MRCLASS = {18D10 (16T05)},
  MRNUMBER = {3242743},
MRREVIEWER = {Julien Bichon},
       DOI = {10.1090/surv/205},
       URL = {https://doi.org/10.1090/surv/205},
}
@book {Kas,
    AUTHOR = {Kassel, Christian},
     TITLE = {Quantum groups},
    SERIES = {Graduate Texts in Mathematics},
    VOLUME = {155},
 PUBLISHER = {Springer-Verlag, New York},
      YEAR = {1995},
     PAGES = {xii+531},
      ISBN = {0-387-94370-6},
   MRCLASS = {17B37 (16W30 18D10 20F36 57M25 81R50)},
  MRNUMBER = {1321145},
MRREVIEWER = {Yu. N. Bespalov},
       DOI = {10.1007/978-1-4612-0783-2},
       URL = {https://doi.org/10.1007/978-1-4612-0783-2},
}
@incollection {Mac,
    AUTHOR = {Macdonald, I. G.},
     TITLE = {Affine {L}ie algebras and modular forms},
 BOOKTITLE = {Bourbaki {S}eminar, {V}ol. 1980/81},
    SERIES = {Lecture Notes in Math.},
    VOLUME = {901},
     PAGES = {258--276},
 PUBLISHER = {Springer, Berlin-New York},
      YEAR = {1981},
   MRCLASS = {17B65 (10D20)},
  MRNUMBER = {647501},
}
@article {MoS,
    AUTHOR = {Moore, Gregory and Seiberg, Nathan},
     TITLE = {Classical and quantum conformal field theory},
   JOURNAL = {Comm. Math. Phys.},
  FJOURNAL = {Communications in Mathematical Physics},
    VOLUME = {123},
      YEAR = {1989},
    NUMBER = {2},
     PAGES = {177--254},
      ISSN = {0010-3616},
   MRCLASS = {81E99 (22E70 81E40)},
  MRNUMBER = {1002038},
MRREVIEWER = {Philippe Christe},
       URL = {http://projecteuclid.org/euclid.cmp/1104178762},
}
@article {NS,
    AUTHOR = {Ng, Siu-Hung and Schauenburg, Peter},
     TITLE = {Central invariants and higher indicators for semisimple
              quasi-{H}opf algebras},
   JOURNAL = {Trans. Amer. Math. Soc.},
  FJOURNAL = {Transactions of the American Mathematical Society},
    VOLUME = {360},
      YEAR = {2008},
    NUMBER = {4},
     PAGES = {1839--1860},
      ISSN = {0002-9947},
   MRCLASS = {16W30 (18D10)},
  MRNUMBER = {2366965},
MRREVIEWER = {Miodrag C. Iovanov},
       DOI = {10.1090/S0002-9947-07-04276-6},
       URL = {https://doi.org/10.1090/S0002-9947-07-04276-6},
}
@article {O,
    AUTHOR = {Ostrik, Viktor},
     TITLE = {Fusion categories of rank 2},
   JOURNAL = {Math. Res. Lett.},
  FJOURNAL = {Mathematical Research Letters},
    VOLUME = {10},
      YEAR = {2003},
    NUMBER = {2-3},
     PAGES = {177--183},
      ISSN = {1073-2780},
   MRCLASS = {18D10 (16W30)},
  MRNUMBER = {1981895},
MRREVIEWER = {Julien Bichon},
       DOI = {10.4310/MRL.2003.v10.n2.a5},
       URL = {https://doi.org/10.4310/MRL.2003.v10.n2.a5},
}
@article {Sh,
    AUTHOR = {Shimizu, Kenichi},
     TITLE = {Non-degeneracy conditions for braided finite tensor
              categories},
   JOURNAL = {Adv. Math.},
  FJOURNAL = {Advances in Mathematics},
    VOLUME = {355},
      YEAR = {2019},
     PAGES = {106778, 36},
      ISSN = {0001-8708},
   MRCLASS = {16T05 (18D10)},
  MRNUMBER = {3996323},
       DOI = {10.1016/j.aim.2019.106778},
       URL = {https://doi.org/10.1016/j.aim.2019.106778},
}
@article {TY,
    AUTHOR = {Tambara, Daisuke and Yamagami, Shigeru},
     TITLE = {Tensor categories with fusion rules of self-duality for finite
              abelian groups},
   JOURNAL = {J. Algebra},
  FJOURNAL = {Journal of Algebra},
    VOLUME = {209},
      YEAR = {1998},
    NUMBER = {2},
     PAGES = {692--707},
      ISSN = {0021-8693},
   MRCLASS = {18D10 (20K01)},
  MRNUMBER = {1659954},
MRREVIEWER = {Marie Choda},
       DOI = {10.1006/jabr.1998.7558},
       URL = {https://doi.org/10.1006/jabr.1998.7558},
}
@article {Z,
    AUTHOR = {Zhu, Yongchang},
     TITLE = {Modular invariance of characters of vertex operator algebras},
   JOURNAL = {J. Amer. Math. Soc.},
  FJOURNAL = {Journal of the American Mathematical Society},
    VOLUME = {9},
      YEAR = {1996},
    NUMBER = {1},
     PAGES = {237--302},
      ISSN = {0894-0347},
   MRCLASS = {17B69 (11F22 17B68)},
  MRNUMBER = {1317233},
MRREVIEWER = {Chong Ying Dong},
       DOI = {10.1090/S0894-0347-96-00182-8},
       URL = {https://doi.org/10.1090/S0894-0347-96-00182-8},
}


@article {RT,
    AUTHOR = {Reshetikhin, N. Yu. and Turaev, V. G.},
     TITLE = {Ribbon graphs and their invariants derived from quantum
              groups},
   JOURNAL = {Comm. Math. Phys.},
  FJOURNAL = {Communications in Mathematical Physics},
    VOLUME = {127},
      YEAR = {1990},
    NUMBER = {1},
     PAGES = {1--26},
      ISSN = {0010-3616},
   MRCLASS = {57M25 (16W30 17B35)},
  MRNUMBER = {1036112},
MRREVIEWER = {Louis H. Kauffman},
       URL = {http://projecteuclid.org/euclid.cmp/1104180037},
}
@book {T,
    AUTHOR = {Turaev, Vladimir G.},
     TITLE = {Quantum invariants of knots and 3-manifolds},
    SERIES = {De Gruyter Studies in Mathematics},
    VOLUME = {18},
      NOTE = {},
 PUBLISHER = {De Gruyter, Berlin},
      YEAR = {2016},
     PAGES = {xii+596},
      ISBN = {978-3-11-044266-3; 978-3-11-043522-1; 978-3-11-043456-9},
   MRCLASS = {57M27 (18D10 20C08 57-02 57R56 82B10)},
  MRNUMBER = {3617439},
       DOI = {10.1515/9783110435221},
       URL = {https://doi.org/10.1515/9783110435221},
}
@incollection {GannonRecon,
    AUTHOR = {Gannon, Terry},
     TITLE = {Reconstruction {I}. {T}he classical part of a vertex operator
              algebra},
 BOOKTITLE = {Operator algebras and mathematical physics},
    SERIES = {Adv. Stud. Pure Math.},
    VOLUME = {80},
     PAGES = {71--107},
 PUBLISHER = {Math. Soc. Japan, Tokyo},
      YEAR = {2019},
   MRCLASS = {17B69 (18D10 81T40)},
  MRNUMBER = {3966584},
}
@article {Hu,
    AUTHOR = {Huang, Yi-Zhi},
     TITLE = {Rigidity and modularity of vertex tensor categories},
   JOURNAL = {Commun. Contemp. Math.},
  FJOURNAL = {Communications in Contemporary Mathematics},
    VOLUME = {10},
      YEAR = {2008},
    NUMBER = {suppl. 1},
     PAGES = {871--911},
      ISSN = {0219-1997},
   MRCLASS = {17B69 (18D10 81R10 81T40)},
  MRNUMBER = {2468370},
MRREVIEWER = {Pavel S. Kolesnikov},
       DOI = {10.1142/S0219199708003083},
       URL = {https://doi.org/10.1142/S0219199708003083},
}
